
@inproceedings{uht02,
  author=       "{Uht A., Morano D., Khalafi A., Alba M. and Kaeli D.}",
  title=        "Realizing High {IPC} Using Time-tagged 
			Resource-Flow Computing",
  booktitle=    "{EUROPAR} Conference",
  year=         2002,
  address=      "Paderborn, Germany",
  month=        Aug
}

@article{conners79,
    author= "{Conners W.D., Florkiowski J. and Patton S.K.}",
    title= "The {IBM} 3033: An inside Look",
    journal= "Datamation",
    year= "1979",
	month= may,
    pages= "198--218"
}

@inproceedings{wang90,
  author  = "{Wang S.S.H. and Uht A.K.}",
  title   = "Ideograph/Ideogram: Framework/Architecture for Eager Execution",
  booktitle= "Proceedings of the 23rd
	Symposium and Workshop on Microprogramming and Microarchitecture",
    publisher = "{ACM Press}",
    address= "New York, NY",
  year    = "1990",
        month= "Nov",
  pages   = "125--134"
}

@techreport{heil96selective,
	author="{Heil T.H. and Smith J.E.}",
	title= "Selective Dual Path Execution",
	institution= "University of Wisconsin-Madison",
  	address=  "Madison, WI",
	year=1996
}

@techreport{tyson97limited,
	author="{Tyson G., Lick K. and Farrens M.}",
	title= "Limited duel path execution",
	institution= "University of Michigan",
    number= "CSE-TR 346-97",
	year= 1997
}

@inproceedings{klauser98poly,
    author= "{Klauser A.S., Pathankar A. and Grunwald D.}",
    title= "Selective Eager Execution on the PolyPath Architecture",
	booktitle="Proceedings of the 25th
	International Symposium on Computer Architecture ({ISCA})",
    publisher = "{ACM} Press",
    address= "New York, NY",
    year= "1998",
	month= "Jun",
    pages= "250--259"
}

@inproceedings{klauser98restricted,
    author= "{Klauser A.S., Austin T., Grunwald D., Calder B.}",
    title= "Restricted multipath execution using dynamic predication",
    booktitle="Proceedings of the 7th International Conference on
	Parallel Architectures and Compilation Techniques ({PACT})",
    publisher = "{ACM} Press",
    address= "New York, NY",
    year= "1998",
	month= Oct,
    pages= "278--285"
}

@inproceedings{klauser98dynamic,
    author= "{Klauser A.S., Austin T., Grunwald D., Calder B.}",
    title= "Dynamic Hammock Predication for Non-predicated 
	Instruction Set Architectures",
    booktitle="Proceedings of the 7th International Conference on
	Parallel Architectures and Compilation Techniques ({PACT})",
    publisher = "{ACM} Press",
    address= "New York, NY",
    year= "1998",
	month= Oct
}

@inproceedings{wallace98,
    author= "{Wallace S., Calder B. and Tullsen D.M.}",
    title= "Threaded Multiple Path Execution",
	booktitle="Proceedings of the 25th 
	International Symposium on Computer Architecture ({ISCA})",
    publisher = "{ACM} Press",
    address= "New York, NY",
    year= "1998",
	month= "Jun"
}

@inproceedings{tullsen96,
    author= "{Tullsen D.M., Eggers S.J., Emer J.S., 
	Levy H.M., Lo J.L. and Stamm R.L.}",
    title= "Exploiting Choice: Instruction Fetch and issue 
	on an implementable simultaneous multithreading processor",
	booktitle= "Proceedings of the 23th 
	International Symposium on Computer Architecture ({ISCA}",
    publisher = "{ACM} Press",
    address= "New York, NY",
    year= "1996",
	month= May,
    pages= "191--202"
}

@inproceedings{ahuja98,
    author= "{Ahuja P.S., Skadron K., Martonosi M. and Clark D.W.}",
    title= "Multipath Execution: Opportunities and Limits",
	booktitle="Proceedings of the 12th 
		International Conference on Supercomputing (ICS)",
    publisher = "{ACM} Press",
    address= "New York, NY",
    year= "1998",
	month= "July"
}

@inproceedings{Klauser99,
    author= "{Klauser A.S. and Grunwald D.}",
    title= "Instruction Fetch Mechanisms for Multipath Execution Processors",
    booktitle="Proceedings of the 32nd
	International Symposium on Microarchitecture ({MICRO})",
    publisher = "{ACM} Press",
    address= "New York, NY",
    year= "1999",
	month= "Nov"
}

@inproceedings{ranganathan98,
  author  = "{Ranganathan N. and Franklin M.}",
  title   = "An Empirical Study of Decentralized {ILP} Execution Models",
  booktitle= "Proceedings of the 8th
	International Conference on Architectural Support for 
	Programming Languages and Operating Systems ({ASPLOS})",
    publisher = "{ACM} Press",
    address= "New York, NY",
  year    = "1998",
        month= Oct,
  pages   = "272--281"
}

@inproceedings{cher01,
    author= "{Cher C. and Vijaykumar T.N.}",
    title= "{Skipper:} A Microarchitecture for Exploiting 
	Control-Flow Independence",
    booktitle="Proceedings of the 34th
	International Symposium on Microarchitecture ({MICRO})",
    publisher = "{ACM} Press",
    address= "New York, NY",
    year= "2001",
	month= "Nov"
}

@inproceedings{franklin92register,
    author= "{Franklin M. and Sohi G.S.}",
    title= "Register Traffic Analysis for Streamlining Inter-Operation
	Communication in Fine-Grained Parallel Processors",
    booktitle="Proceedings of the 25th
	International Symposium on Microarchitecture ({MICRO})",
    publisher = "{ACM} Press",
    address= "New York, NY",
    year= "1992",
	month= "Dec",
  pages   = "236--245"
}

@inproceedings{sohi95multiscalar,
        key= "{sohi95multiscalar}",
        author= "{Sohi G.S., Breach S. and Vijaykumar T.N.}",
        title= "Multiscalar processors",
        booktitle= "Proceedings of the 22th Annual International
           Symposium on Computer Architecture ({ISCA})",
        organization= "{ACM} Press",
    address= "New York, NY",
        year= 1995,
        month= "Jun",
        pages= "414--425"
}

@techreport{franklin93multiscalar,
    author= "{Franklin M.}",
    title= "The Multiscalar Architecture",
	institution= "University of Wisconsin-Madison",
  	address=  "Madison, WI",
    number= "CS-TR-1993-1196",
    year= 1993,
    url = "citeseer.ist.psu.edu/franklin93multiscalar.html"
}
 
@inproceedings{ sundararaman97multiscalar,
    author= "{Sundararaman K.K. and Franklin M.}",
    title= "Multiscalar Execution along a Single Flow of Control",
    booktitle="Proceedings of the International Conference
	on Parallel Computing",
    year= "1997",
	pages= "106--113"
}

@inproceedings{jiser00,
    author= "{Jiser J., Carr S. and Sweany P.}",
    title= "Global Register Partitioning",
    booktitle="Proceedings of the 9th International Conference on
	Parallel Architectures and Compilation Techniques ({PACT})",
    publisher = "{IEEE} Press",
    address= "New York, NY",
    year= "2000",
	month= "October"
}

@inproceedings{smelyanskiy00,
    author= "{Smelyanskiy M., Tyson G.S. and Davidson E.S.}",
    title= "Register Queues: A New Hardware/Software Approach to 
		Efficient Software Pipelining",
    booktitle="Proceedings of the 9th International Conference on 
	Parallel Architectures and Compilation Techniques ({PACT})",
    publisher = "{IEEE} Press",
    address= "New York, NY",
    year= "2000",
	month= "October"
}

@inproceedings{nagarajan01grid,
    author= "{Nagarajan R., Sankaralingam K., Burger D. and Keckler S.W.}",
    title= "A Design Space Evaluation of Grid Processor Architectures",
    booktitle="Proceedings of the 34th
	International Symposium on Microarchitecture ({MICRO})",
    publisher = "{ACM} Press",
    address= "New York, NY",
    year= "2001",
	month= "Nov"
}

@techreport{sank01a,
	author= "{Sankaranarayanan K. and Skadron K.}",
    title= "{A Scheme for Selective Squash and Re-issue for 
		Single-Sided Branch Hammocks}",
	institution="University of Virginia",
  	address=  "Charlottesville, VA",
	number="{CS-2001-14}",
	year=2001,
	month= "Jul"
}

@misc{sank01b,
    author= "{Sankaranarayanan K. and Skadron K.}",
    title= "{A Scheme for Selective Squash and Re-issue for 
		Single-Sided Branch Hammocks}",
    booktitle="{PACT: Work In Progress Session}",
    howpublished = "{IEEE} Press",
    year= 2001,
    month= Oct
}

@inproceedings{bannon95,
  author  = "{Bannon P., et al}",
  title   = "Internal Architecture of {Alpha 21164} Microprocessor",
    booktitle= "Proceedings of {COMPCON}",
  journal= "{IEEE} Transactions on Computers",
	year= 1995,
	month= Mar,
  pages   = "79--87"
}

@inproceedings{leibholz97alpha,
    author= "{Leibholz D. and Razdan R.}",
    title= "The {Alpha 21264: A 500 MHz} Out-of-order 
	Execution Microprocessor",
    booktitle="Proceedings of {COMPCON}",
    year= "1997",
    pages= "28--36"
}

@inproceedings{kessler98alpha,
	author= "{Kessler R.E., McLellan E.J., Webb D.A.}",
	title= "The {Alpha 21264} Microprocessor Architecture",
    	booktitle= "Proceedings of the International Conference
		on Computer Design ({ICCD})",
	year= 1998,
	month= Oct
}

@article{pop91metaflow,
    author= "{Popescu V., Schultz M., Spracklen J., 
		Gibson G., Lightner B. and Isaman D.}",
    title= "The {Metaflow} Architecture",
    journal= "{IEEE} Micro",
    volume= "11",
    number= "3",
    year= 1991,
    pages= "10--13, 63--73"
}

@article{skadron01hydrascalar,
    author= "{Skadron K. and Ahuja P.S.}",
    title= "{HydraScalar: A Multipath-Capable Simulator}",
    journal= "{IEEE} Technical Committee on 
		Computer Architecture Newsletter",
	year=	2001
}

@inproceedings{palacharla97complexity,
    author= "{Palacharla S., Jouppi N.P. and Smith J.E.}",
    title= "Complexity-Effective Superscalar Processors",
    booktitle= "Proceedings of the 24th International Symposium on 
		Computer Architecture ({ISCA})",
    publisher = "{ACM} Press",
    address= "New York, NY",
    year= 1997,
    pages= "206--218"
}

@article{smith95,
    author= "{Smith J.E. and Sohi G.S.}",
    title= "The Microarchitecture of Superscalar Processors",
    journal= "Proceedings of the {IEEE}",
    volume= "83",
    year= "1995",
    month= "Dec",
    pages= "1609--1624"
}

@article{anderson67,
  author= "{Anderson D.W., Sparacio F. and Tomasulo F.}",
  title= "{The IBM/360 Model 91: Machine Philosophy and 
		Instruction Handling}",
  journal= "{IBM} Journal of Research and Development",
	volume= 11,
  	number= 1,
  	year= 1967,
	month= Jan,
  	pages= "8--24"
}

@inproceedings{lam92limits,
	key="{lam92limits}",
	author="{Lam M.S. and Wilson R.P.}",
	title="Limits of Control Flow on Parallelism", 
	organization="{ACM}",
    booktitle= "Proceedings of the 19th International Symposium on 
		Computer Architecture ({ISCA})",
    publisher = "{ACM} Press",
    address= "New York, NY",
	year= 1992,
	month= May,
	pages= "46--57"
}

@techreport{gonzalez97limits,
	key="{Gon97}",
	author="{Gonzalez J. and Gonzalez A.}",
	title="Limits on Instruction-Level Parallelism with Data Speculation",
	institution="{UPC}",
    address= "Barcelona, Spain",
	number="{UPC-DAC-1997-34}",
	year=1997
}

@inproceedings{gonzalez98potential,
	key="{gonzalez98potential}",
	author="{Gonzalez J. and Gonzalez A.}",
	title="The Potential of Data Value Speculation to Boost {ILP}",
	booktitle= "Proceedings of the 12th International 
		Conference on Supercomputing (ICS)",
	organization="{ACM}",
	year= 1998,
	pages= "21--27"
}

@inproceedings{uht95,
	key="{uht95}",
	author="{Uht A. K. and Sindagi V.}",
	title="{Disjoint Eager Execution: An Optimal Form of 
		Speculative Execution}",
    booktitle="Proceedings of the 20th International Symposium on
	Microarchitecture ({MICRO})",
	organization="{ACM}",
	year= 1995,
	month= Nov,
	pages= "313--325"
}

@article{tomasulo67,
	key="{tomasulo67}",
	author="{Tomasulo R.M.}",
	title="An Efficient Algorithm for Exploiting Multiple
		Arithmetic Units",
	journal= "{IBM} Journal of Research and Development",
	volume= "11",
	number= "1",
	year= 1967,
	month= "Jan",
	pages= "25--33"
}

@inproceedings{thornton64,
	key="{thornton64}",
	author="{Thornton J.E.}",
	title="Parallel Operation in the {Control Data} 6600", 
	booktitle="{Proceedings of the AFIPS}", 
	year= 1964,
        volume= 26,
	pages= "33--40"
}

@Manual{ref6600,
    organization= "Control Data Corporation",
    title= "6400/6500/6600 Computer Systems: {COMPAS} Reference Manual",
    year= "1969",
  	address=  "Palo Alto, CA"
}

@techreport{uht01ipc,
	key="{uht01ipc}",
	author="{Uht A.K., Morano D.A., Khalafi A., de Alba M., 
		Wenisch T., Ashouei M. and Kaeli D.}",
    	title="{IPC} in the 10's via Resource Flow Computing with Levo",
	institution= "University of Rhode Island",
  	howpublished = "Dept. of {ECE} Technical Report",
	number="{TR 092001-001}",
	year=2001,
	month= Sep
}

@techreport{kaeli01pre,
	key="{kaeli01pre}",
	author="{Kaeli D., Morano D.A. and Uht A.}",
    	title="Preserving Dependencies in a Large-Scale 
		Distributed Microarchitecture",
	institution= "University of Rhode Island",
  	howpublished = "Dept. of ECE Technical Report",
	number="{TR 022002-001}",
	year=2001,
	month="{Dec}"
}

@techreport{morano02predication,
	key="{morano02predication}",
	author="{Morano D.A.}",
    	title="{Execution-time Instruction Predication}",
	institution= "University of Rhode Island",
  	howpublished = "Dept. of ECE Technical Report",
	number="{TR 032002-0100}",
	year=2002,
	month="Mar"
}

@inproceedings{austin97ss,
	key="{austin97}",
	author="{Austin T.M. and Burger D.}",
	title="SimpleScalar Tutorial", 
    booktitle="Proceedings of the 30th International Symposium on
	Microarchitecture ({MICRO})",
	month="{Nov}",
	year=1997
}

@techreport{burger95ss,
	author="{Burger D., Austin T.M.}",
    	title="The {SimpleScalar} toolset, Version 2.0",
	institution= "University of Wiconsin-Madison",
  	address=  "Madison, WI",
    number= "UWMADISONCS CS-TR-95-1342",
  	year= 1995,
 	month= Jun
}

@techreport{uht92e,
	key="{uht92e}",
	author="{Uht A.K.}",
	title="Extraction of Massive Instruction Level Parallelism",
	institution="{Dept. of EE, URI}",
	number="{1292-0001}",
	year=1992,
	month="{Dec}"
}

@INPROCEEDINGS{smith81study,
  author  = "{Smith J.E.}",
  title   = "A study of branch prediction strategies",
  booktitle= "Proceedings of the 8th
		International Symposium in Computer Architecture ({ISCA})",
  address=  "Minneapolis, MN",
  year    = 1981,
  pages   = "135--148"
}

@article{lee84branch,
    author= "{Lee J. and Smith A.}",
    title= "Branch prediction strategies and branch target buffer design",
    journal= "{IEEE} Computer",
	volume= 17,
	number= 1,
    year= 1984,
    month= Jan
}

@inproceedings{kaeli91branch,
    author= "{Kaeli D.R. and Emma P.G.}",
    title= "Branch History Table Prediction of Moving Target 
		Branches Due to Subroutine Returns",
    booktitle= "Proceedings of the 18th International Symposium on 
		Computer Architecture ({ISCA})",
    journal= "{ACM} Computer Architecture News, {SIGARCH}",
    volume= "19-3",
    publisher = "{ACM} Press",
    address= "New York, NY",
    year= 1991,
    pages= "34--42"
}

@inproceedings{gloy96analysis,
    author= "{Gloy N., Young C., Chen J.B. and Smith M.D.}",
    title= "An Analysis of Dynamic Branch Prediction 
	Schemes on System Workloads",
    booktitle= "Proceedings of the 23rd International Symposium on 
		Computer Architecture ({ISCA})",
    publisher = "{ACM} Press",
    address= "New York, NY",
    year= 1996,
    pages= "12--21"
}

@inproceedings{pan92branch,
    author= "{Pan S.-T., So K. and Rahmeh J.T.}",
    title= "Improving the accuracy of dynamic branch prediction 
	using branch correlation",
    booktitle= "Proceedings of the 5th International Conference on 
	Architectural Support for Programming Languages and 
	Operating System ({ASPLOS})",
    volume= "27",
    publisher = "{ACM} Press",
    address= "New York, NY",
    isbn = "0-89791-534-8",
    pages= "76--84",
    year= "1992"
}

@techreport{ mcfarling93combining,
    author= "{McFarling S.}",
    title= "Combining Branch Predictors",
	institution= "{DEC} Western Research Laboratory",
    number= "TN-36",
    year= 1993,
    month= "Jun",
    url = "http://citeseer.nj.nec.com/mcfarling93combining.html" 
}

@book{hennpatt95,
    author= "{Hennessy J.L. and Patterson D.A.}",
    title= "Computer Architecture: A Quantitative Approach, 2nd ed.",
    publisher =  "Morgan Kaufmann",
    address= "Palo Alto, CA",
    year= "1995"
}

@INPROCEEDINGS{yeh93comparison,
  author  = "{Yeh T.-Y. and Patt Y.N.}",
  title   = "A Comparison of Dynamic Branch Predictors that use Two 
             Levels of Branch History",
  booktitle= "The 20th Annual International Symposium on 
	Computer Architecture", 
  address=  "Goteborg, Sweden",
  year    = 1993,
  pages   = "257--266"
}

@inproceedings{chen96branch,
    author= "{Chen I.K., Coffey J.T. and Mudge T.}",
    title= "Analysis of branch prediction via data compression",
    booktitle= "Proceedings of the 7th International Conference
		  on Architectural support for programming languages
		  and operating systems ({ASPLOS})",
    address= "Cambridge, MA",
    year= 1996,
	month= "October",
    pages= "128--137"
}

@article{kaeli97improving,
    author= "{Kaeli D. and Emma P.}",
    title= "Improving the Accuracy of History-based Branch Prediction",
    journal= "{IEEE} Transactions on Computers",
	volume= 46,
	number= 4,
    year= 1997,
    month= Apr,
	pages= "469--472"
}

@inproceedings{chag97target,
    author= "{Chang P-Y., Hao E., Patt Y.}",
    title= "Target Prediction for Indirect Jumps",
    booktitle= "Proceedings of the 24th International Symposium on 
		Computer Architecture ({ISCA})",
    publisher = "{ACM} Press",
    address= "Denver, CO",
    year= "1997",
    month= "Jun",
    pages= "274--283"
}

@inproceedings{driesen98accurate,
    author= "{Driesen K. and Hlzle U.}",
    title= "Accurate Indirect Branch Prediction",
    booktitle= "Proceedings of the 25th International Symposium on 
		Computer Architecture ({ISCA})",
    publisher = "{ACM} Press",
    address= "Barcelona, Spain",
    year= 1998,
    month= Jul
}

@inproceedings{driesen98cascade,
    author= "K. Driesen and U. Holzle",
    title= "The Cascaded Predictor: Economic and Adaptive Branch 
	Target Prediction",
    booktitle="Proceedings of the 31st
	International Symposium on Microarchitecture ({MICRO})",
    publisher = "{ACM} Press",
    year= "1998",
    month=  "November",
    address= "Dallas, TX"
}

@PhdThesis{kalamat2000,
  author= 	 {John Kalamatianos},
  title= "Microarchitectural and Compile-Time 
	Optimizations for Performance Improvement of 
	Procedural and Object-Oriented Languages",
  school= 	 {Northeastern University},
  year= 	 {2000},
}

@INPROCEEDINGS{tubella98control,
  author  = "{Tubella J. and Gonzalez A.}",
  title   = "Control Speculation in Multithreaded Processors through 
	Dynamic Loop Detection",
  booktitle="Proceedings of the 4th International Symposium on 
	High Performance Computer Architecture ({HPCA})",
  address= "Las Vegas, NV",
  month= Jan,
  year    = "1998"
}

@ARTICLE{Mck96,
  author  = "K. McKinley and S. Carr and C-W Tseng",
  title   = "Improving Data Locality with Loop Transformations",
  year    = 1996,
  journal= "{ACM} Transactions in Programming Languages and Systems",
  volume  = 18,
  number  = 4,
  pages   = "424--453"
}

@ARTICLE{kobayashi84dynamic,
  author  = "M. Kobayashi",
  title   = "Dynamic Characteristics of Loops",
  journal= "{IEEE} Transactions on Computers",
  volume  = 33,
  number  = 2,
  year    = 1984,
  pages   = "125--132"
}

@article{franklin96arb,
  author  = "{Franklin M. and Sohi G.S.}",
  title   = "{ARB}: A Hardware Mechanism for Dynamic Memory Disambiguation",
  journal= "{IEEE} Transactions on Computers",
  volume  = 45,
  number  = 5,
  year    = 1996,
	month= May,
  pages   = "552--571"
}

@INPROCEEDINGS{sherwood00loop,
  author  = "{Sherwood T. and Calder B.}",
  title   = "Loop Termination Prediction",
  booktitle= "Proceedings of the 3rd International Symposim on 
	High Performance Computing",
  year= 2000,
  month= Oct,
  publisher= "Springer-Verlag"
}

@techreport{gonz98dependence,
    author= "{Gonzalez A. and Marcuello P.}",
    title= "Dependence Speculative Multithreaded Architecture",
    institution =  "Universitat Polytecnica de Catalunya",
    year= "1998",
    url = "citeseer.nj.nec.com/103862.html",
}

@Manual{intel02ia64,
    organization = "Intel",
    title= "Intel {Itanium-2} Processor Reference Manual for Software
		Development and Optimization",
      month= "June",
    year= "2002"  
}

@inproceedings{davidsom95loop,
    author= "J. Davidson and S. Jinturkar",
    title= "Improving Instruction-level Parallelism by 
	Loop Unrolling and Dynamic Memory Disambiguation",
    booktitle= "Proceedings of the 28th International
                  Symposium on Microarchitecture ({MICRO})",
    journal= "MICRO-28",
    publisher = "{ACM} Press",
    address= "New York, NY",
    year= "1995",
    pages= "125--132"
}

@inproceedings{mahlke92compiler,
    author= "S. A. Mahlke and W. Y. Chen and J. C. Gyllenhaal 
	and W. Hwu and P. Chang and T. Kiyohara",
    title= "Compiler Code Transformations for 
	Superscalar-Based High-Performance Systems",
    booktitle= "Proceedings of Supercomputing",
    publisher = "{IEEE} Press",
  address=  "Minneapolis, MN",
    year= "1992",
    pages= "808--817"
}

@inproceedings{lam88pipe,
    author= "{Lam M.}",
    title= "Software Pipelining: An Effective Scheduling 
		Technique for {VLIW} Machines",
    booktitle= "Proceedings of the {ACM} {SIGPLAN} Conference on 
		Programming Language Design and Implementation ({PLDI})",
    journal= "{SIGPLAN} Notices",
    volume= "23",
    pages= "318--328",
    year= "1988"
}

@misc{sair98loop,
  author= "S. Sair and D. Kaeli",
  title= "A Study of Loop Unrolling for VLIW-Based DSP Processor",
  howpublished = "Proceedings of the Workshop on Signal Processing
                  Systems",
  year= 1998,
  month= "October",
  pages= "519--527"
}

@inproceedings{cleary95warp,
        key="{cleary95warp}",
        author="{Cleary J.G, Pearson M.W. and Kinawi H.}",
        title="The Architecture of an Optimistic {CPU}: The {Warp Engine}",
        booktitle="Proceedings of the Hawaii Internationl Conference
           on System Science",
        year= 1995,
        month= Jan,
        pages= "163--172"
}

@inproceedings{henry00,
        key="{henry00}",
        author="{Henry D.S and Kuszmaul B.C. and Loh G.H. and Sami R.}",
        title="{Circuits for Wide-Window Superscalar Processors}",
        booktitle="Proceedings of the 27th International
           Symposium on Computer Architecture ({ISCA})",
        organization="{ACM}",
    publisher = "{ACM} Press",
    address= "New York, NY",
        year= 2000,
        month= "Jun",
        pages= "236--247"
}

@inproceedings{calder99selective,
    author= "{Calder B., Reinman G. and Tullsen D.M.}",
    title= "Selective Value Prediction",
    booktitle= "Proceedings of the 26th International Symposium on 
		Computer Architecture ({ISCA})",
    publisher = "{ACM} Press",
    address= "New York, NY",
    year= 1999,
    pages= "64--74"
}

@inproceedings{lipasti96exceeding,
    author= "{Lipasti M.H. and Shen J.P.}",
    title= "Exceeding the Dataflow Limit via Value Prediction",
    booktitle="Proceedings of the 29th
	International Symposium on Microarchitecture ({MICRO})",
    pages= "226--237",
    year= "1996"
}

@article{lipasti98exploiting,
    author= "{Lipasti M.H. and Shen J.P.}",
    title= "Exploiting Value Locality to Exceed the Dataflow Limit",
    journal= "International Journal of Parallel Programming",
    volume= "26",
    number= "4",
    year= 1998,
    pages= "505--538"
}

@article{ riseman72inhibition,
  author  = "{Riseman E.M. and Foster C.C.}",
  title   = "The Inhibition of Potential Parallelism by Conditional Jumps",
  journal= "{IEEE} Transactions on Computers",
  volume  = 21,
  number  = 12,
  year    = 1972,
	month= dec,
  pages   = "1405--1411"
}

@techreport{lipasti97approaching,
  author= "{Lipasti M.H. and Shen J.P.}",
  title= "{Approaching 10 IPC via superspeculation}",
  text = "Lipasti, M.H., Shen, J.P.: 
	Approaching 10 IPC via superspeculation,
  	Technical Report CMU-MIG-1",
     number= "CMU-MIG-1",
  institution = "Carnegie Mellon University",
  howpublished = "Technical Report of Carnegie Mellon University",
  year= "1997",
  url = "citeseer.nj.nec.com/lipasti97approaching.html" 
}

@inproceedings{lipasti96value,
    author= "{Lipasti M.H., Wilkerson C.B. and Shen J.P.}",
    title= "Value Locality and Load Value Prediction",
    booktitle= "Architectural Support for Programming Languages and 
		Operating Systems ({ASPLOS})",
    year= "1996",
    pages= "138--147",
    url = "citeseer.nj.nec.com/lipasti96value.html" 
}

@misc{ lipasti97value,
  author= "{Lipasti M.H.}",
  title= "Value Locality and Speculative Execution",
  institution = "Carnegie Mellon University",
	howpublished= "{Ph.D.} thesis, Carnegie Mellon University",
  year= 1997,
	month= Apr,
  url = "citeseer.nj.nec.com/lipasti97value.html" 
}

@article{ lipasti97superspeculative,
    author= "{Lipasti M.H. and Shen J.P.}",
    title= "Superspeculative Microarchitecture for Beyond {AD 2000}",
    journal= "{IEEE} Computer",
    volume= "30",
    number= "9",
    year= 1997,
	momth= sep,
    pages= "59--66",
    url = "citeseer.nj.nec.com/lipasti97superspeculative.html" 
}

@inproceedings{ lipasti97performance,
    author= "{Lipasti M.H. and Shen J.P.}",
    title= "The Performance Potential of Value and Dependence Prediction",
    booktitle= "European Conference on Parallel Processing",
    year= 1997,
    pages= "1043--1052",
    url = "citeseer.nj.nec.com/lipasti97performance.html" 
}

@inproceedings{ mahlke94characterizing,
    author= "Scott A. Mahlke and Richard E. Hank and 
	Roger A. Bringmann and John C. Gyllenhaal and 
	David M. Gallagher and Wen-mei W. Hwu",
    title= "Characterizing the Impact of Predicated Execution on 
		Branch Prediction",
	booktitle= "Proceedings of the 27th 
		International Symposium on Microarchitecture ({MICRO})",
	year= 1994,
	month= Nov,
    pages= "217--227"
}

@article{ uh99effectively,
    author= "Gang-Ryung Uh and David B. Whalley",
    title= "Effectively Exploiting Indirect Jumps",
    journal= "Software - Practice and Experience",
    volume= "29",
    number= "12",
    year= 1999,
    pages= "1061--1101",
    url = "citeseer.nj.nec.com/uh97effectively.html" 
}

@inproceedings{ jacobsen96assigning,
    author= "{Jacobsen E., Rotenberg E. and Smith J.E.}",
    title= "Assigning Confidence to Conditional Branch Predictions",
    booktitle= "Proceedings of the 29th Annual International
                  Symposium on Microarchitecture ({MICRO})",
    journal= "MICRO-29",
    publisher = "{ACM} Press",
    address= "New York, NY",
    year= 1996,
    pages= "142--152",
    url = "citeseer.nj.nec.com/jacobsen96assigning.html" 
}

@inproceedings{wall91limits,
    author= "{Wall D.W.}",
    title= "Limits of Instruction-Level Parallelism",
    booktitle= "Proceedings of the 4th International Conference on 
		Architectural Support for Programming Languages and 
		Operating System ({ASPLOS})",
    volume= "26",
    publisher = "{ACM} Press",
    address= "New York, NY",
    isbn = "0-89791-380-9",
    year= 1991,
	month= Apr,
    pages= "176--189"
}

@techreport{wall93limits,
    author= "{Wall D.W.}",
    title= "Limits of instruction level parallelism",
	institution= "{DEC} Western Research Laboratory",
    number= "{TR 96/6}",
    year= 1993,
    month= Nov
}

@inproceedings{gonzalez98limits,
  author= "{Gonzlez J. and Gonzlez A.}",
  title= "{Limits of Instruction Level Parallelism with Data Speculation}",
    booktitle= "Proceedings of the {VECPAR} Conference",
  year= "1998",
	pages= "585--598"
}

@misc{ gonzalez97evaluation,
  author= "Jose Gonz",
  title= "Evaluation of Alternative Data Speculation Approaches for 
  	Superscalar Processors",
  	year= 1997,
  url = "citeseer.nj.nec.com/48458.html"
}

@misc{ gonzalez98data,
  author= "J. Gonzalez and A. Gonzalez",
  title= "Data Value Speculation in Superscalar Processors",
  text = "J. Gonz'alez and A. Gonz'alez, 
	Data Value Speculation in Superscalar Processors,
    in Microprocessors and Microsystems, 22(6),November 1998.",
    booktitle= "Microprocessors and Microsystems",
    volume= 22,
    number= 6,
  year= 1998,
  url = "citeseer.nj.nec.com/107737.html" 
}

@techreport{ rychlik98efficient,
  author= "{B. Rychlik B., Faistl J., Krug B.,
	Kurland A., Jung J., Velev M. and Shen J.}",
  title= "Efficient and Accurate Value Prediction 
	Using Dynamic Classification",
  text = "Efficient and Accurate Value Prediction Using Dynamic Classification,
    Technical Report of Microarchitecture Research Team in Dept. of Electrical
    and Computer Engineering, Carnegie Mellon Univ., 1998.",
	institution= "Carnegie Mellon University",
  howpublished = "Technical Report of Carnegie Mellon University",
  year= 1998,
  url = "citeseer.nj.nec.com/rychlik98efficient.html" 
}

@techreport{ sazeides97implementations,
  author= "{Sazeides Y. And Smith J.E.}",
  title= "Implementations of Context Based Value Predictors",
	institution= "University of Wisconsin-Madison",
  	address=  "Madison, WI",
	number= "{TRECE 97-8}",
  	year= 1997,
 	month= Dec
}

@inproceedings{ sazeides97predictability,
    author= "{Sazeides Y. and Smith J.E.}",
    title= "The Predictability of Data Values",
    booktitle= "Proceedings of the 30th Annual International
                  Symposium on Microarchitecture ({MICRO})",
    journal= "MICRO-30",
    publisher = "{ACM} Press",
    address= "New York, NY",
    year= 1997,
    pages= "248--258",
    url = "citeseer.nj.nec.com/sazeides97predictability.html" 
}

@inproceedings{thomas01using,
  author= "{Thomas R. and Franklin M.}",
  title= "Using Dataflow Based Context for Accurate Value Prediction",
    booktitle="Proceedings of the 10th International Conference on 
	Parallel Architectures and Compilation Techniques ({PACT})",
  year= 2001
}

@techreport{ burger95declining,
    author= "D.C. Burger and J.R. Goodman and A. Kagi",
    title= "{T}he {D}eclining {E}ffectiveness of 
	{D}ynamic {C}aching for {G}eneral-{P}urpose {M}icroprocessors",
    number= "{UWMADISONCS CS-TR-95-1261}",
	institution= "University of Wisconsin-Madison",
  	address=  "Madison, WI",
    year= 1995,
    month= Jan,
    url = "citeseer.nj.nec.com/burger95declining.html" 
}

@article{ burger97limited,
    author= "Doug Burger and James R. Goodman and Alain K{\"a}gi",
    title= "Limited Bandwidth to Affect Processor Design",
    journal= "IEEE Micro",
    volume= "17",
    number= "6",
    year= 1997,
    month= Nov,
    pages= "55--62",
    url= "http://citeseer.nj.nec.com/burger97limited.html" 
}

@inproceedings{ burger96memory,
    author= "Doug Burger and James R. Goodman and Alain Kagi",
    title= "Memory Bandwidth Limitations of Future Microprocessors",
        booktitle="Proceedings of the 23rd International
           Symposium on Computer Architecture ({ISCA})",
        organization="{ACM}",
    publisher = "{ACM} Press",
    address= "New York, NY",
    year= 1996,
    pages= "78--89",
    url= "http://citeseer.nj.nec.com/burger96memory.html" 
}

@inproceedings{ yeh92alternative,
    author= "{Yeh T.Y. and Patt Y.N.}",
    title= "Alternative implementations of two-level 
		adaptive branch prediction",
    booktitle= "Proceedings of the 19th International Symposium on 
		Computer Architecture ({ISCA})",
    publisher = "{ACM and IEEE Computer Society}",
    address= "Gold Coast, Australia",
    year= "1992",
    pages= "124--134"
}

@inproceedings{ phalke95gap,
    author= "{Vidyadhar P. and Bhaskarpillia G.}",
    title= "An Inter-Reference Gap Model for Temporal Locaility in
	Program Behavior",
    booktitle= "Proceedings of {SIGMETRICS} Joint International
	Conference on Measurement and Modeling of Computer Systems",
    publisher = "{ACM} Press",
    address= "New York, NY",
    year= "1995",
	pages= "191--300"
}

@inproceedings{ morano02high,
    author= "{Morano D.A., Khalafi A., Kaeli D.R., Uht A.K.}",
    title= "Realizing High {IPC} Through a Scalable Memory-Latency Tolerant
	Multipath Microarchitecture",
    booktitle= "Proceedings of the {MEDEA}
	Workshop {(held in conjuction with PACT'02)}",
    year= 2002
}

@inproceedings{tsai96superthreaded,
    author= "{Tsai J-Y. and Yew P-C.}",
    title= "The {Superthreaded Architecture}: Thread Pipelining
	with Run-Time Data Dependence Checking and Control Speculation",
    booktitle="Proceedings of the 5th International Conference on
	Parallel Architectures and Compilation Techniques ({PACT})",
    year= "1996",
	pages= "35--46"
}

@inproceedings{ farkas97multicluster,
    author= "{Farkas K.I., Chow P., Jouppi N.P., Vranesic Z.}",
    title= "The Multicluster Architecture: Reducing Cycle Time
	Through Partitioning",
    booktitle="Proceedings of the 30th International Symposium on
	Microarchitecture ({MICRO})",
    year= "1997",
	pages= "149--159"
}

@inproceedings{ rotenberg97trace,
    author= "{Rotenberg E., Jacobsom Q. and Sazeides Y.}",
    title= "Trace Processors",
    booktitle="Proceedings of the 30th International Symposium on
	Microarchitecture ({MICRO})",
    year= "1997",
	pages= "138--148"
}

@inproceedings{ vajapeyam97sequences,
    author= "{Vajapeyam S., Mitra T.}",
    title= "Improving Superscalar Intruction Dispatch and Issue by 
	Exploiting Dyanmic Code Sequences",
    booktitle="Proceedings of the 24th International Symposium on
	Computer Architecture ({ISCA})",
    publisher = "{ACM} Press",
    address= "New York, NY",
    year= "1997"
}

@inproceedings{ kemp96pew,
    author= "{Kemp G.A. and Franklin M.}",
    title= "{PEWs: A} Decentralized Dynamic Scheduler for {ILP} Processing",
    booktitle="Proceedings of the 24th International Conference on
	Parallel Computing",
    year= "1996",
	pages= "239-246"
}

@inproceedings{ rotenberg99control,
    author= "{Rotenberg E. and Smith J.E.}",
    title= "Control Independence in Trace Processors",
    booktitle="Proceedings of the 32th International Symposium on
	Microarchitecture ({MICRO})",
    year= "1999"
}

@inproceedings{ uht02realizing,
    author= "{Uht A.K., Morano D.A., Khalafi A., 
	de Alba M., Kaeli D.}",
    title= "Realizing High {IPC} Using Time-tagged Resource-Flow
	Computing",
    booktitle="Proceedings of the the {EUROPAR} Conference",
    year= "2002",
	month= "Aug"
}

@article{ yeager96r10000,
    author= "{Yeager K.C.}",
    title= "The {MIPS R10000} Superscalar Microprocessor",
    journal= "{IEEE Micro}",
    year= "1996",
	month= "Apr",
    pages= "28--40",
}

@inproceedings{ verkamo85emperical,
    author= "{Verkamo A.}",
    title= "Emperical results on locality in database referencing",
    booktitle="Proceedings of {ACM SIGMETRICS} Conference on
	Measurement and Modeling of Computer Systems",
    year= "1985",
	month= "Aug"
}

@article{ madison76characteristics,
    author= "{Madison A., Bunt R.}",
    title= "Characteristics of Program Localities",
    journal= "Communications of the {ACM}",
    year= "1976",
	month= "May"
}

@inproceedings{tullsen95simultaneous,
        key="{tullsen95simultaneous}",
        author="{Tullsem D.M., Eggers S.J., Levy H.M.}",
        title="Simultaneous Multithreading: Maximizing On-Chip Parallelism",
        booktitle="Proceedings of the 22th Annual International
           Symposium on Computer Architecture ({ISCA})",
        organization="{ACM}",
        year=1995,
        month= Jun
}

@inproceedings{gopal98speculative,
        key= "{gopal98speculative}",
        author= "{Gopal S., Vijaykumar T.N., Smith J.E., Sohi G.S.}",
        title= "Speculative Versioning Cache",
        organization= "{IEEE}",
        booktitle= "Proceedings of the 4th International Symposium on 
		High Performance Computer Architecture",
        year= 1998,
        month= "Feb"
}

@misc{ludloff02p4,
  author= "{Ludloff C.}",
  title= "{IA-32 Implementation, Intel P4}",
        organization="{Sandpile}",
howpublished = "http://www.sandpile.org/impl/p4.htm",
  year= 2002,
	month= "Jan"
}

@article{smith88precise,
        author="{Smith J.E. and Pleszkun A.R.}",
  title   = "Implementing Precise Interrupts in Pipelined Processors",
  journal= "{IEEE} Transactions on Computers",
  volume= 37,
  number= 5,
  year= 1988,
        month= Sep,
  pages= "562--573"
}

@article{ferrante87,
  author  = "{Ferrante J., Ottenstein K., and Warren J.}",
  title   = "The {Program Dependence Graph} and Its Use in Optimization",
  journal= "{ACM} Transactions on Programming Languages and Systems",
  year    = 1987,
        month= Jul,
  volume  = 9,
  number  = 3,
  pages   = "319-349"
}

@inproceedings{preston02ev8,
  author  = "{Preston R.P., Badeau R.W., Bailey D.W., Bell S.L.,
	Biro L.L., Bowhill W.J., Dever D.E., Felix S., Gammack R.,
	Germini V., Gowan M.K., Gronowski P., Jackson D.B., Mehta S.,
	Morton S.V., Pickholtz J.D., Reilly N.H., Smith M.J.}",
  title   = "Design of an {8-wide} Superscalar {RISC} Microprocessor
	with Simultaneous Multithreading",
  booktitle= "Proceedings of the
	International Solid State Circuits Conference",
  year    = "2002",
        month= "Jan"
}

@article{uht03levo,
  author=       "{Uht A.K., Morano D., Khalafi A., Alba M. and Kaeli D.}",
    title= "{Levo -- A Scalable Processor With High IPC}",
    journal= "Journal of Instruction Level Parallelism",
    year= "2003",
  volume= 5,
	month= "Aug"
}

@article{krewell01ia,
  author=       "{Krewell K.}",
    title= "{Intel's McKinley Comes Into View}",
    journal= "Cahners Microprocessor",
    year= "2001",
  volume= 15,
  number= 10,
	month= "Oct",
  pages= "1--5"
}

@inproceedings{papworth96ppro,
  author=       "{Papworth D.B.}",
    title= "Tuning the {Pentium Pro} Microarchitecture",
    booktitle= "Proceedings of the 29th International Symposium on
	Microarchitecture ({MICRO})",
        organization="{IEEE}",
    publisher = "{IEEE} Press",
    year= "1996",
  volume= 16,
	month= "Apr",
  pages= "8--15"
}

@inproceedings{raasch02chains,
  author=       "{Raasch S.E., Binkert N.L. Reinhardt S.K.}",
    title= "{A Scalable Intruction Queue Using Dependence Chains}",
    booktitle= "Proceedings of 29th International Symposium
		on Computer Architecture ({ISCA})",
	organization="{ACM}",
    year= "2002",
	month= "May"
}

@inproceedings{tjaden73matrices,
  author  = "{Tjaden G.S. and Flynn M.J.}",
  title   = "Representation of Concurrency with Ordering Matrices",
    booktitle= "Proceedings of {COMPCON}",
	volume= "{C-22}",
	year= 1973,
	month= "Aug",
  pages   = "752--761"
}

@article{ schlansker00epic,
    author= "{Schlansker M.S. and Rau B.R.}",
    title= "{EPIC}: Explicitly Parallel Instruction Computing",
    journal= "Computer",
    volume= "33",
    number= "2",
    pages= "37--45",
    year= "2000",
	month= "Feb",
    url = "citeseer.nj.nec.com/schlansker00epic.html" 
}

@manual{intel99ia64,
  title= "{iA-64} Application Developer's Architecture Guide",
        organization="{Intel Corp.}",
	year= 1999
}

@manual{sites95,
    author= "{Sites R.L. and Witek R.T.}",
  title= "Alpha {AXP} Architecture Refernce Manual",
        organization="{Digital Equipment Corporation}",
    publisher = "Digital Press",
	year= 1995
}

@misc{jain01ev8,
  author= "{Jain I.A.}",
  title= "Design of an {8-wide} Superscalar {RISC} Microprocessor
	with Simultaneous Multithreading",
  booktitle= "International Solid-State Circuits Conference ({ISSCC})",
  year= 2001
}

@article{ hinton01pentium,
    author= "{Hinton G., Sager D., Upton M., Boggs D.,
		Carmean D., Kyker A. and Roussel P.}",
    title= "The Microarchitecture of the {Pentium-4} Processor",
    journal= "Intel Technical Journal - Q1",
    year= "2001"
}

@inproceedings{seznec02,
	author= "{Seznec A., Felix S., Krishnan V., Sazeides Y.}", 
	title= "Design Tradeoffs for the Alpha {EV8} Conditional 
		Branch Predictor", 
	booktitle= "Proceedings of the 29th
		International Symposium on Computer Architecture ({ISCA})",
	month="May",
	year= "2002",
	pages= "25--29"
}

@inproceedings(uht86,
	key="{uht86}",
	Author="{Uht A.K.}",
	title="{An Efficient Hardware Algorithm to Extract Concurrency From
		General-Purpose Code}",
	organization="{University of Hawaii, in cooperation with the ACM
		and the IEEE Computer Society}",
	booktitle="Proceedings of the 19th Annual Hawaii International
		Conference on System Sciences",
	month="{January}",
	pages="{41-50}",
	note="{Second Place for Best Paper in Computer Architecture Track}",
	year=1986
)

@techreport{srivastava94atom,
	author= "{Srivastava A. and Eustace A.}",
    title= "{ATOM}: A system for building customized 
		program analysis tools",
	institution="{Digital Western Research Lab}",
  	address=  "Palo Alto, CA",
	number="{WRL-TR-94.2}",
	year=1994,
	month= "Mar"
}

@techreport{eustace94atom,
	author= "{Eustace A. and Srivastava A.}",
    title= "{ATOM}: A flexible interface for building high 
		performance program analysis tools",
	institution="{Digital Western Research Lab}",
  	address=  "Palo Alto, CA",
	number= "{WRL-TN-44}",
	year= 1994,
	month= Jul
}

@inproceedings{collins04,
  author  = "{Collins J.D., Tullen D.M. and Wang H.}",
  title   = "Control flow optimization via dynamic recovergence prediction",
  booktitle= "Proceedings of the 37th
	International Symposium on Microarchitecture ({MICRO})",
  year    = "2004",
        month= "Dec"
}

@inproceedings{sherwood02,
    author= "{Sherwood T., Hamerly G. and Calder B.}",
    title= "Automatically characterizing large scale program behavior",
    booktitle= "Proceedings of the 10th
	International Conference on 
	Architectural Support for Programming Languages and 
	Operating System ({ASPLOS})",
    publisher = "{ACM} Press",
    address= "New York, NY",
    year=2002,
	month="May"
}

@inproceedings{ibrahim03,
        key="{ibrahim03}",
        author="{Ibrahim K.Z., Byrd G.T. and Rotenberg E.}",
        title="Slipstream Execution Mode for {CMP-Based} Multiprocessors",
        organization="{IEEE}",
        booktitle="Proceedings of the 9th
		International Symposium on 
		High Performance Computer Architecture",
        year=2003,
        month="Feb"
}

@article{waingold97,
    author= "{Waingold E., Taylor M., Srikrishna D., Sarkar V., 
	Lee W., Lee V., Kim J., Frank M., Finch P., 
	Barua R., Babb J., Amarasinghe S. and Agarwal A.}",
    title= "Baring It All to Software: {RAW} Machines",
    journal= "{IEEE} Computer",
    volume= "30",
    number= "9",
    year= "1997",
    pages= "86--93"
}

@article{taylor02,
    author= "{Taylor M.B., Kim J., Miller J., Wentzlaff D., Ghodrat F., 
	Greenwald B., Hoffmann H., Johnson J., Lee J., Lee W.,
	Ma A., Saraf A., Seneski M., Shnidman N., Strumpen V.,
	Frank M., Amarasinghe S. and Agarwal A.}",
    title= "The {RAW} Microprocessor: A Computational Fabric for 
		Software Circuits and General Purpose Programs",
    journal= "IEEE Micro",
    year= "2002",
	mon="{Mar/Apr}"
}

@inproceedings{henry99,
        key="{henry99}",
        author="{Henry D.S., Kuszmaul B.C., Viswanath V.}",
        title="The Ultrascalar Processor -- An Asymptotically 
		Scalable Superscalar Microarchitecture",
        organization="{IEEE}",
        booktitle="Proceedings of the 20th
		Anniversary Conference on 
		Advanced Research in {VLSI}",
        year=1999,
        month="Mar"
}

@inproceedings{sohi87ruu,
        key="{sohi87ruu}",
        author="{Sohi G.S. and Vajapeyam G.}",
        title="Instruction issue logic for high-performance
		Interruptable Pipelined Processors",
        booktitle="Proceedings of the 14th
	International Symposium on Computer Architecture ({ISCA})",
    publisher="{ACM} Press",
    address= "New York, NY",
        year=1987,
        month="June",
    pages="27--34"
}

@inproceedings{sohi90issue,
        key="{sohi90issue}",
        author="{Sohi G.S.}",
        title="Instruction issue logic for high-performance, interruptible,
 		multiple functional unit, pipelined computers",
        booktitle="{IEEE} Transactions of Computers",
    publisher="{IEEE} Press",
    volume= "39",
        year=1990,
        month="June",
    pages="349--359"
}

@inproceedings{smith85precise,
        key="{smith85precise}",
        author="{Smith J.E. and Pleszkun A.R.}",
        title="Implementation of precise interrupts in pipelined processors",
        booktitle="Proceedings of the 12th
	International Symposium on Computer Architecture ({ISCA})",
    publisher="IEEE Computer Society Press",
    address= "Los Alamitos, CA",
        year=1985,
    pages="36--44"
}

@article{kalla04power5,
    author= "{Kalla R., Sinharoy B., and Tendler J.M.}",
    title= "The Power 5 chip: a dual core multithreaded processor",
    journal= "IEEE Micro",
    volume= "24",
    number= "2",
    year= "2004",
    pages= "40--47"
}

@article{jouppi89ilp,
    author= "{Jouppi N.P.}",
    title= "The nonuniform distribution of instruction-level
	and machine parallelism and its effect on performance",
    journal= "{IEEE} Transactions on Computers",
    volume= "38",
    number= "12",
    year= "1989",
    pages= "1645--1658"
}

@techreport{veenstra93mint,
	key="{veenstra93mint}",
	author="{Veenstra J.E. and Fowler F.J.}",
        title="{MINT} Tutorial and User Manual",
	institution="Computer Science Department, The University of
		  Rochester",
	number= 452,
	year= 1993,
	month= Jun
}

@inproceedings{veenstra94mint,
author=        "{Veenstra J.E. and Fowler R.J.}",
title=         "{MINT}: A Front End for Efficient 
			Simulation of Shared-Memory Multiprocessors",
booktitle=     "Proceedings of the 2nd International Workshop on Modeling,
			Analysis, and Simulation of 
			Computer and Telecommunication Systems ({MASCOTS})",
year=          1994,
month=           Jan,
pages=         "201--207"
}

@PhdThesis{herrod98simos,
author= "{Herrod S.A.}",
title= "Using Complete Machine Simulation to 
	Understand Computer System Behavior",
  school= 	 "Stanford University",
	year= 1998,
	month= Feb
}

@misc{rosenblum97simos,
author= "{Rosenblum M., Bugnion E., Devine S. and Herrod S.}",
title= "Using the {SimOS} Machine Simulator to 
	Study Complex Computer Systems",
    howpublished = "{ACM TOMACS} Special Issue on Computer Simulation",
	year= 1997
}

@inproceedings{witchel96simos,
    author= "{Witchel E. and Rosenblum M.}",
    title= "Embra: Fast and Flexible Machine Simulation",
    booktitle= "Proceedings of {ACM SIGMETRICS} Conference on Measurement
	and Modeling of Computer Systems",
    address= "Philadelphia, PA.",
    year= 1996
}

@article{rosenblum95simos,
    author= "{Rosenblum M., Herrod S.A., Witchel E. and Gupta A.}",
title= "Complete Computer Simulation: The {SimOS} Approach",
    journal= "{IEEE} Parallel and Distributed Technology",
    year= 1995
}

@inproceedings{eustace95atom,
    author= "{Eustace A. and Srivastava A.}",
	title= "{ATOM}: A Flexible Interface for Building 
		High Performance Program Analysis Tools",
    booktitle= "Proceedings of the Winter 1995 {USENIX} Conference",
	year= 1995,
	month= Jan,
	url= "http://www.research.digital.com/wrl/projects/om/wrlpapers.html"
}

@techreport{rau93,
  author= "{Rau B.R.}",
  title=  "Dynamic scheduling techniqueues for {CLIW} processors",
  institution= "{HP} Labs",
    number= "{HPL-93-52}",
  year  = 1993,
	month= Jun
}

@techreport{uht97verification,
	author="{Uht A.K.}",
    	title="Verification of {ILP} speedups in the 10s
		for {Disjoint Eager Execution}",
	institution= "University of Rhode Island",
  	howpublished = "Dept. of {ECE} Technical Report",
	number="{TR 0697-0001 Rev. A}",
	year= 1997,
	month= Jul
}

@inproceedings{aragon02dual,
    author= "{Aragon J.L., Gonzalez J., Donzalez A. and Smith J.E.}",
    title= "Dual path instruction processing",
	booktitle="Proceedings of the 16th 
		International Conference on Supercomputing (ICS)",
    publisher = "{ACM} Press",
    address= "New York, NY",
    year= "2002",
	pages= "220--229"
}

@inproceedings{eeckhout01hybrid,
    author = "{Eeckhout L. and Bosschere K.D.}",
    title = "Hybrid Analytical Modeling for 
	Efficiently Exploring Architecture and Workload Design Spaces",
    booktitle="{Proceedings of the 10th
   	International Conference on Parallel Architectures and 
   	Compilation Techniques}",
    publisher = "IEEE Press",
    address = "New York, NY",
    year = "2001",
	month = "September"
}



