

@article{Smi88,
    author = "{Smith J.E. and Pleszkun A.R.}",
    title = "{Implementing precise interrupts in pipelined processors}",
    journal = "{IEEE Transactions on Computers}",
    volume = "{C-37}",
    number = "{5}",
    pages = "{562--573}",
    year = 1988
}

@misc{Nag01,
  author = "{Nagarajan R. and Sankaralingam K. and Burger D. and Keckler S.}",
  title = "{A Design Space Evaluation of Grid Processor Architectures}",
  booktitle = "Proceedings of the 30th
    Annual ACM/IEEE International Symposium on Microarchitecture",
 year = {" To appear, 2001"}
 } 

@misc{Fri97,
  author = "{Friendly D.H. and Patel S.J. and Patt Y.N.i}",
  title = "{Alternative fetch and issue techniques from the trace cache fetch mechanism}",
  booktitle = "Proceedings of the 30th
    Annual ACM/IEEE International Symposium on Microarchitecture",
 year = 1997,
 pages = {"24-33"}
 } 

@inproceedings(Tub98,
        key = "{Tub98}",
        author = "{Tubella J. and Gonzalez A.}",
        title = "{Control speculation in multithreaded processors
through dynamic loop detection}",
        booktitle = "{Proceedings of the 4th International
           Symposium on High Performance Computer Architecture}",
        year = {1998},
        pages = {"14-23"},
        month="{January}")

@inproceedings(She00,
        key = "{She00}",
        author = "{Sherwood T. and Calder B.}",
        title = "{Loop Termination Predication}",
        booktitle = "{Proceedings of the International
           Symposium on High Performance Computer}",  
        year = {2000},
        month = "{October}")

@inproceedings(Artur,
    author = "{Klauser A., Austin T., Grunwald D. and Calder B.}",
    title = "{Dynamic Hammock Predication for Non-Predicated Instruction Set Architectures}",
    booktitle="{Proceedings of the Int. Conf. on Parallel Architectures
and Compilation Techniques}", 
    year = 1998,
    pages = "{278-285}")

@inproceedings(Cle95,
	key="{Cle95}",
	author="{Cleary J.G, Pearson M.W and Kinawi H.}",
	title="{The Architecture of an Optimistic CPU: The Warp Engine}", 
	booktitle="{Proceedings of the Hawaii Internationl Conference
           on System Science}",
	year=1995,
	pages="{163-172}",
	month="{January}")

@inproceedings(Hen00,
        key="{Hen00}",
        author="{Henry D.S and Kuszmaul B.C. and Loh G.H. and Sami R.}",
        title="{Circuits for Wide-Window Superscalar Processors}",
        organization="{ACM}",
        booktitle="{Proceedings of the 27th Annual International
           Symposium on Computer Architecture}",
        year=2000,
        pages="{236-247}",
        month="{June}")

@inproceedings(Lam92,
	key="{Lam92}",
	author="{Lam M.S. and Wilson R.P.}",
	title="{Limits of Control Flow on Parallelism}", 
	organization="{ACM}",
	booktitle="{Proceedings of the 19th Annual International
           Symposium on Computer Architecture}",
	year=1992,
	pages="{46-57}",
	month="{May}")

@inproceedings(Fra92,
	key="{Fra92}",
	author="{Franklin M. and G.S. Sohi}",
	title="{Register Traffic Analysis for Streamlining Inter-Operation
      Communication in Fine-Grain Parallel Processors}", 
	booktitle="{Proceedings of the 25th Annual International
      Symposium on Microarchitecture}",
	year=1992,
	pages="{236-247}",
	month="{Dec}")
   month="{Dec}")

@inproceedings(Anom1,
	key="{Anom1}",
        author="{Removed for anonymity}")

@inproceedings(Anom2,
	key="{Anom2}",
        author="{Removed for anonymity}")

@inproceedings(Anom3,
	key="{Anom3}",
        author="{Removed for anonymity}")

@article(Ris72,
	key="{Ris72}",
	author="{Riseman E.M. and Foster C.C.}",
	title="{The Inhibition of Potential Parallelism by Conditional Jumps}",
	journal="{IEEE Transactions on Computers}",
	month="{June}",
	volume="{C-21}",
	number="{12}",
	year=1972,
	pages="{1405-1411}")


@article(Age82,
	key="{Age82}",
	author="{Agerwal T. and Arvind}",
	title="{Data Flow Systems - Special Issue}",
	journal="{IEEE Computer Magazine}",
	volume="{15}",
	number="{2}",
	year=1982,)

@article(Tom67,
	key="{Tom67}",
	author="{Tomasulo R.M.}",
	title="{An Efficient Algorithm for Exploiting Multiple
      Arithmetic Units}",
	journal="{IBM Journal of Research and Development}",
	month="{Jan}",
	volume="{11}",
	number="{1}",
	year=1967,
	pages="{25-33}")

@inproceedings(Gon93,
	key="{Gon93}",
	author="{Gonzalez J. and Gonzalez A.}",
	title="{Speculative Execution via Address Predication and Data Prefetching}", 
	organization="{ACM}",
	booktitle="{Proc. of the 11th Int. Conference on Supercomputing}",
	year=1993,
	pages="{196-203}",
	month="{July}")

@inproceedings(Wal91,
	key="{Wal91}",
	author="{Wall D.W.}",
	title="{Limits of Instruction-Level Parallelism}", 
	organization="{ACM}",
	booktitle="{Proceedings of the 4th Annual International
          Conference on Architectural Support for Programming Languages
           and Operating Systems}",
	year=1991,
	pages="{176-188}",
	month="{April}")

@inproceedings(Chen98,
        key="{Chen98}",
        author="{Chen T.F.}",
        title="{Supporting Highly Speculative Execution via Adapative Branch Trees}",
        booktitle="{Proceedings of the 4th Annual International
           Symposium on High Performance Computer Architecture}",
        year=1998,
        pages="{185-194}",
        month="{January}")

@inproceedings(Lip96,
	key="{Lip96}",
	author="{Lipasti M.H, Wilkerson C.B. and Shen J.P.}",
	title="{Value Locality and Load Value Prediction}", 
	organization="{ACM}",
	booktitle="{Proceedings of the 7th Annual International
          Conference on Architectural Support for Programming Languages
           and Operating Systems}",
	year=1996,
	pages="{138-147}",
	month="{October}")

@inproceedings(Smith89,
	key="{Smith89}",
	author="{Smith M.D, Johnson M. and Horowitz M.A.}",
	title="{Limits of Multiple Instruction-Level Issue}", 
	organization="{ACM}",
	booktitle="{Proceedings of the 4th Annual International
           Conference on Architectural Support for Programming Languages
           and Operating Systems}",
	year=1989,
	pages="{290-302}",
	month="{April}")

@techreport(Gop97,
	key="{Gop97}",
	author="{Gopal S, T.N. Vijaykumar, Smith J.E. and Sohi G.S.}",
	title="{Speculative Versioning Cache}",
	institution="{Unversity of Wisconsin, Madison}",
      number="{TR-1334}",
      month="{July}",
	year=1997)

@techreport(Gon97,
	key="{Gon97}",
	author="{Gonzalez J. and Gonzalez A.}",
	title="{Limits on Instruction-Level Parallelism with Data Speculation}",
	institution="{Department Architectura de Computadores,
		Universitat Po}",
	number="{UPC-DAC-1997-34}",
	year=1997)


@inproceedings(Jacobs88,
	key="{Jacobs}",
	author="{Jacobs, J. H., Uht, A. K. and Ord, R. C.}",
	title="{Modelling the Effects of Instruction Queue Loading on a 
		Static Instruction Stream Micro-Architecture}",
	organization="{ACM, IEEE}",
	booktitle="{Proceedings of the 21st Annual Workshop on
		Microprogramming and Microarchitecture}",
	year=1988,
	pages="{11-20}",
	month="{November}")

@inproceedings(Aus92,
	key="{Aus92}",
	author="{Austin T.M and Sohi G.S.}",
	title="{Dynamic Dependency Analysis of Ordinary Programs}", 
	booktitle="{Proceedings of the 19th International Syposium on Computer Architecture}",
	year=1992,
	pages="{342-351}",
	month="{May}")

@inproceedings(Franklin92,
	key="{Franklin}",
	author="{Franklin M. and Sohi G.S.}",
	title="{The Expandable Split Window Paradigm for Exploiting Fine-Grain Parallelism}", 
	Booktitle="{Proceedings of the 19th International Syposium on Computer Architecture}",
	year=1992,
	pages="{58-67}",
	month="{May}")

@article(Neves81,
	key="{Neves}",
	author="{Neves, F. and Uht, A. K.}",
	title="{Memory Error Correction without ECC}",
	journal="{IBM Technical Disclosure Bulletin}",
	volume="{24(7A)}",
	pages="{3471}",
	month="{December}",
	year=1981)

@unpublished(Uht84pd,
	key="{Uht}",
	author="{Uht, A. K. and Hughes, K. J.}",
	title="{Invention Disclosure: An Improved Concurrent Computer}",
	note="{November 15, 1984; currently being processed for protection
		by representatives of Carnegie-Mellon University,
		Pittsburgh, PA.}")

@comment{
@misc(Uht85d,
	key="{Uht85d}",
	author="{Uht, A. K. and Hughes, K.}",
	title="{Improved Concurrent Computer}",
	note="{U.S. patent application pending, filed 12/85.}")
}

@unpublished(Uht85a,
	key="{Uht}",
	author="{Uht, A. K.}",
	title="{Exploitation of Low-Level Concurrency: an Implementation
		and Architecture}",
	month="{February}",
	year=1985,
	note="{A Ph.D.
		Thesis Prospectus presented to the faculty of the Department
		of Electrical and Computer Engineering, Carnegie-Mellon
		University. Also available as Tech. Report
		No. CMUCAD-85-52, SRC-CMU Center for Computer-Aided Design,
		Department of Electrical and Computer Engineering,
		Carnegie-Mellon University, May, 1985.}")


@techreport(Uht85b,
	key="{Uht85b}",
	author="{Uht, A. K.}",
	title="{Exploitation of Low-Level Concurrency: an Implementation
		and Architecture}",
	institution="{SRC-CMU Center for Computer-Aided Design,
		Department of Electrical and Computer Engineering,
		Carnegie-Mellon University}",
	number="{CMUCAD-85-52}",
	year=1985,
	month="{May}")

@phdthesis(Uht85c,
	key="{Uht85c}",
	Author="{Uht, A. K.}",
	title="{Hardware Extraction of Low-Level Concurrency from Sequential
		Instruction Streams}",
	school="{Carnegie-Mellon University}",
	month="{December}",
	year=1985,
	note="{Available from University Microfilms International, Ann Arbor,
		Michigan, U.S.A.}")

@inproceedings(Uht86,
	key="{Uht86}",
	Author="{Uht, A. K.}",
	title="{An Efficient Hardware Algorithm to Extract Concurrency From
		General-Purpose Code}",
	organization="{University of Hawaii, in cooperation with the ACM
		and the IEEE Computer Society}",
	booktitle="{Proceedings of the Nineteenth Annual Hawaii International
		Conference on System Sciences}",
	month="{January}",
	pages="{41-50}",
	note="{Second Place for Best Paper in Computer Architecture Track}",
	year=1986)


@inproceedings(Uht86b,
	key="{Uht86b}",
	author="{Uht, A. K. and Wedig, R. G.}",
	title="{Hardware Extraction of Low-level Concurrency from
		Serial Instruction Streams}",
	organization="{IEEE Computer Society and the Association for Computing
		Machinery}",
	booktitle="{Proceedings of the International Conference on Parallel
		Processing}",
	year=1986,
	month="{August}",
	pages="{729-736}")

@misc(Uht870,
	key="{Uht87}",
	author="{Uht, A. K.}",
	title="{Extraction of Low-Level Concurrency from Serial
		Instruction Streams}",
	note="{U.S. patent application pending, filed 1/87.
		This patent covers a hardware mechanism to execute
		typical imperative code in a cuncurrent fashion,
		improving performance. The mechanism realizes reduced
		branch dependencies, reduced data dependencies, and
		a limited form of eager evaluation.}")

@inproceedings(Uht87,
	key="{Uht87a}",
	author="{Uht, A. K.}",
	title="{Incremental Performance Contributions of Hardware
		Concurrency Extraction Techniques}",
	organization="{Computer Technology Institute, Greece, in cooperation
		with the Association for Computing Machinery, IFIP, et al}",
	booktitle="{Proceedings of the International Conference on
		Supercomputing, Athens, Greece}",
	year=1987,
	month="{June}",
	pages="{355-376}",
	note="{Springer-Verlag Lecture Note Series}")

@inproceedings(Uht87b,
	key="{Uht87c}",
	author="{Uht, A. K., Polychronopoulos, C. D. and Kolen, J. F.}",
	title="{On the Combination of Hardware and Software Concurrency
		Extraction Methods}",
	organization="{ACM}",
	booktitle="{Proceedings of the Twentieth Annual Workshop on
		Microprogramming (MICRO-20)}",
	month="{December}",
	year="{1987}",
	pages="{133-141}")


@techreport(Uht87c,
	key="{Uht87b}",
	author="{Uht, A. K.}",
	title="{Hierarchical Computation Server:
		Goals, Architecture, and Issues}",
	institution="{Department of Computer Science and Engineering,
		University of California, San Diego}",
	number="{CS88-119}",
	year=1987,
	month="{November}")

@comment{
@techreport(Uht88,
	key="{Uht88}",
	author="{Uht, A. K.}",
	title="{Requirements for Optimal Execution of Loops with Tests}",
	institution="{Department of Computer Science and Engineering,
		University of California, San Diego}",
	number="{CS88-116}",
	year=1988,
	month="{February}",
	note="{Submitted for publication.}")
}

@inproceedings(Uht88b,
	key="{Uht88b}",
	author="{Uht, A. K.}",
	title="{Requirements for Optimal Execution of Loops with Tests}",
	organization="{Association for Computing Machinery}",
	booktitle="{Proceedings of the International Conference on
		Supercomputing, St. Malo, France}",
	year=1988,
	month="{July 4-8}",
	pages="{230-237}")
%	note="{An earlier version appeared with the same title
%		as UCSD Computer Science and
%		Engineering Technical Report CS88-116}")

@techreport(Uht89h,
	key="{Uht89ab}",
	author="{Uht, A. K.}",
	title="{Concurrency Extraction via Hardware Methods
		Executing the Static Instruction Stream
		- an extended paper}",
	institution="{Department of Computer Science and Engineering,
		University of California, San Diego}",
	number="{CS89-144}",
	year=1989,
	month="{January}")

@inproceedings(Uht90,
	key="{Uht90}",
	author="{Uht, A. K.}",
	title="{{Desirable Code Transformations for a Concurrent Machine}}",
	chapter=25,
	booktitle="{Languages and
		Compilers for Parallel Computing}",
	publisher="{The MIT Press}",
	series="{Research Monographs in Parallel and Distributed
		Computing}",
	year=1990,
	pages="{511-530}",
	note="{Invited and refereed chapter.}")

@techreport(Uht90d,
	key="{Uht90b}",
	author="{Uht, A. K.}",
	title="{Notes on a Theory of Minimal Procedural Dependencies}",
	institution="{Department of Computer Science and Engineering,
		University of California, San Diego}",
	number="{CS90-165}",
	year=1990,
	month="{February}")


@techreport(Uht90e,
	key="{Uht90d}",
	author="{Uht, A. K. and Wang, S. S.}",
	title="{Understanding Eager Evaluation
		of Imperative Instruction Streams, Part 1}",
	institution="{Department of Computer Science and Engineering,
		University of California, San Diego}",
	number="{CS90-171}",
	year=1990,
	month="{May}")

@article(Uht91,
	key="{Uht91}",
	author="{Uht, A. K.}",
	title="{A Theory of Reduced and Minimal Procedural Dependencies}",
	journal="{IEEE Transactions on Computers}",
	month="{June}",
	volume="{40}",
	number="{6}",
	year=1991,
	pages="{681-692}",
	note="{Also in the tutorial ``Instruction-Level
		 Parallel Processors'', Torng, H.C. and Vassiliadis, S., Eds.,
		 IEEE Computer Society Press, 1995, pages 171-182.}")

@article(Uht92,
	key="{Uht92}",
	author="{Uht, A. K.}",
	Title="{Concurrency Extraction via Hardware Methods
		Executing the Static Instruction Stream}",
	journal="{IEEE Transactions on Computers}",
	year=1992,
	month="{July}",
	volume="{41}",
	number="{7}",
	pages="{826-841}")

@techreport(Uht92b,
	key="{Uht92b}",
	author="{Uht, A. K. and Johnson, D. B.}",
	title="{Data Path Issues in a Highly Concurrent Machine}",
	institution="{Department of Computer Science and Engineering,
		University of California, San Diego}",
	number="{CS92-262}",
	year=1992,
	month="{September}",
	note="An extended paper.")

@article(Uht92c,
	key="{Uht92c}",
	author="{Uht, A. K.}",
	title="{Requirements for Optimal Execution of Loops with Tests}",
	journal="{IEEE Transactions on Parallel and Distributed Systems}",
	year=1992,
	month="{September}",
	volume=3,
	number=5,
	pages="{573-581}")

@inproceedings(Uht92d,
	key="{Uht92d}",
	author="{Uht, A. K. and Johnson, D. B.}",
	title="{Data Path Issues in a Highly Concurrent Machine}",
	booktitle="{Proceedings of the Twenty-Fifth International Symposium
		on Microarchitecture, MICRO-25}",
	organization="{ACM-IEEE}",
	month="{December}",
	year=1992,
	pages="{115-118}")

@inproceedings(Uht92cd,
	key="{Uht92cd}",
	author="{Uht, A. K. and Johnson, D. B.}",
	title="{Data Path Issues in a Highly Concurrent Machine}",
	booktitle="{Proceedings of the 19th International Symposium
		on Computer Architecture}",
	organization="{ACM-IEEE}",
	month="{May}",
	year=1992,
	pages="{431}",
	note="{Abstract. Poster presented at conference.}")

@techreport(Uht92e,
	key="{Uht92e}",
	author="{Uht, A. K.}",
	title="{Extraction of Massive Instruction Level Parallelism}",
	institution="{Department of Electrical Engineering,
		University of Rhode Island, Kingston, RI 02881}",
	number="{1292-0001}",
	year=1992,
	month="{December}")

@article(Uht93,
	key="{Uht93}",
	author="{Uht, A. K.}",
	title="{Extraction of Massive Instruction Level Parallelism}",
	journal="{ACM SIGARCH Computer Architecture News}",
	number="{2 and 3}",
	year=1993,
	volume=21,
        pages="{(June) 5-12}",
	month="{March and June}")

@misc(Uht93b,
	key="{Uht93b}",
	author="{Uht, A. K.}",
	title="{System for Extracting Low-Level
		Concurrency from Serial Instruction Streams}",
	note="{U.S. Patent No. 5,201,057, issued April 6, 1993.
		This patent covers a hardware mechanism to execute
		typical imperative code in a concurrent fashion,
		improving performance. The mechanism realizes reduced
		branch dependencies, reduced data dependencies, and
		a simple form of branch prediction.}",
	year=1993)


@inproceedings(Uht95,
	key="{Uht95}",
	author="{Uht, A. K. and Sindagi, V.}",
	title="{Disjoint Eager Execution: An Optimal Form of 
		Speculative Execution}",
	booktitle="{Proceedings of the 28th International Symposium on 
		Microarchitecture, MICRO-28}",
	organization="{ACM-IEEE}",
	month="{November/December}",
	pages="313-325",
	year=1995)

@article(Uht96,
	key="{Uht96}",
	author="{Uht, A. K., Sindagi, V. and Somanathan, S.}",
	title="{Reducing the Ill Effects of Branches}",
	journal="{IEEE COMPUTER}",
	year=1996,
	note="{To appear. Available via
                URL: {\tt http://www.ele.uri.edu/faculty/uht/papers.html}}")

@techreport(Uht96b,
	key="{Uht}",
	author="{Uht, A. K.}",
	title="{Data References for: ``Reducing the Ill Effects of 
		  Branches''}",
	institution="{Department of Electrical and Computer Engineering,
		University of Rhode Island, Kingston, RI 02881}",
	number="{0496-0001}",
	year=1996)

@techreport(Uht970,
	key="{Uht970}",
	author="{Uht, A. K., Sindagi, V. and Somanathan, S.}",
	title="{Data References for: `Branch Effect Reduction Techniques'}",
	institution="{Department of Electrical and Computer Engineering,
		University of Rhode Island}",
	number="{0497-0002}",
	year=1997,
	month="{April 25}",
	note="Available via {\tt http://www.ele.uri.edu/$\sim$uht}.")

@article(Uht97,
	key="{Uht97}",
	author="{Uht, A. K., Sindagi, V. and Somanathan, S.}",
	title="{Branch Effect Reduction Techniques}",
	journal="{IEEE Computer}",
	volume=30,
	number=5,
	pages="71-81",
	year=1997,
	month="May")

@techreport(Uht97b,
	key="{Uht97b}",
	author="{Uht, A. K.}",
	title="{Verification of ILP Speedups in the 10's
		for Disjoint Eager Execution}",
	institution="{Department of Electrical and Computer Engineering,
		University of Rhode Island}",
	number="{0697-0001, Rev.\ A}",
	year=1997,
	month="{July}",
	note="Available via {\tt http://www.ele.uri.edu/$\sim$uht}.")

@misc(Uht97c,
	key="{Uht97c}",
	author="{Uht, A. K. and Sadasiv, G.}",
	title="{Equipment for ICED - Integrated Computer-Engineering Design Curriculum}",
	note="National Science Foundation grant number DUE-9751215. \\ See:
		{\tt http://www.ele.uri.edu/$\sim$uht/teaching/curriculum.html}",
	month="{April}",
	year=1997)

@techreport(Uht97d,
	key="{Uht97d}",
	author="{Uht, A. K.}",
	title="{Overview of the Levo High-ILP Computer}",
	institution="{Department of Electrical and Computer Engineering,
		University of Rhode Island}",
	number="{0797-0001}",
	year=1997,
	month="{August 26,}",
	note="Available via {\tt http://www.ele.uri.edu/$\sim$uht}.")

@techreport(Uht97e,
	key="{Uht97e}",
	author="{Uht, A. K.}",
	title="{High Performance Memory System for High ILP Microarchitectures}",
	institution="{Department of Electrical and Computer Engineering,
		University of Rhode Island}",
	number="{0797-0002}",
	year=1997,
	month="{August 26,}",
	note="Available via {\tt http://www.ele.uri.edu/$\sim$uht}.")

@inproceedings(Uht97f,
	key="{Uht97f}",
	author="{Uht, A. K.}",
	title="{Use of CAD Tools in the Integrated Computer
		   Engineering Design (ICED) Curriculum}",
	booktitle="{Proceedings of the 14th International Conference of
		the Mentor Graphics Users' Group}",
	organization="{International Mentor Graphics Users' Group}",
	month="{October}",
	year=1997)

@inproceedings(Uht98,
	key="{Uht}",
	author="{Uht, A. K.}",
	title="{The Integrated Computer Engineering Design (ICED) Curriculum}",
	year=1998,
	month="{January}",
	organization="{IEEE}",
	booktitle="Proceedings of the 4th Annual Workshop on Computer Architecture
		Education, held in conjunction with the Fourth
		High Performance Computer Architecture Conference")

@inproceedings(Uht98b,
	key="{Uht}",
	author="{Uht, A. K.}",
	title="{The Integrated Computer Engineering Design (ICED) Curriculum}",
	year=1998,
	month="{June}",
	organization="{IEEE}",
	booktitle="Proceedings of the 1998 Workshop on Computer Architecture
		Education, held in conjunction with the 25th International
		Symposium on Computer Architecture",
	note="Published in Technical Committee on Computer Architecture
		Newsletter: Special Issue on Computer Architecture
		Education, IEEE Computer Society, February 1999, pp.\ 
		5-7")

@inproceedings(Uht98c,
	key="{Uht}",
	author="{Uht, A. K. and Sun, Y.}",
	title="{The Laboratory Environment of the URI Integrated Computer
		Engineering Design (ICED) Curriculum}",
	year=1998,
	month="{November}",
	organization="{ASEE, IEEE}",
	booktitle="Proceedings of the Frontiers in Education Conference,
		Tempe, Arizona",
	pages="331-336")

@misc(Uht99,
	key="{Uht99}",
	author="{Uht, A. K.}",
	title="{Digital System Performance Enhancement via
		Error Toleration}",
	note="{U.S.\ Patent applied for}",
	month="August",
	year=1999)

@article(Uht00,
	key="{Uht}",
	author="{Uht, A. K., Lo, J.-C., Sun, Y., Daly, J. C.
		and Kowalski, J.}",
	title="{Building Real Computer Systems}",
	journal="IEEE Micro",
	volume="",
	number="",
	month="May-June",
	year=2000,
	note="Invited and refereed paper, Special Issue on Computer
		Architecture Education, in press")

@inproceedings(Uht00b,
	key="{Uht}",
	author="{Uht, A. K.}",
	title="{The URI Integrated Computer Engineering Design
		(ICED) Curriculum: Progress Report}",
	organization="{ASEE}",
	booktitle="{Proceedings of the ASEE 2000 Annual Conference}",
	year=2000,
	Month="{June}",
	note="{St.\ Louis, MO; in press; paper and talk}")
		
@inproceedings(Uht00b2,
	key="{Uht}",
	author="{Uht, A. K.}",
	title="{The URI Integrated Computer Engineering Design
		(ICED) Curriculum: Progress Report}",
	organization="{ASEE}",
	booktitle="{ASEE 2000 Annual Conference}",
	year=2000,
	Month="{June}",
	note="{St.\ Louis, MO; to appear; poster presentation}")
		
@techreport(Uht00br,
	key="{Uht00br}",
	author="{Uht, A. K.}",
	title="{Achieving Typical Delays in Synchronous Systems
		via Timing Error Toleration}",
	institution="{Department of Electrical and Computer Engineering,
		University of Rhode Island}",
	number="{032000-0100}",
	year=2000,
	month="{March 10,}",
	note="Available via {\tt http://www.ele.uri.edu/$\sim$uht}.")

@misc(Uht00c,
	key="{Uht}",
	author="{Uht, A. K., Morano, D. and Kaeli, D.}",
	title="{Automatic and Transparent Conversion of
		Traditional Flow to Predicates}",
	note="{U.S.\ Patent applied for}",
	month="April",
	year=2000)

@misc(Uht00d,
	key="{Uht}",
	author="{Uht, A. K., Morano, D. and Kaeli, D.}",
	title="{Resource Flow Computer}",
	note="{U.S.\ Patent applied for}",
	month="April",
	year=2000)

@article(Vin89,
	key="{Vin}",
	author="{Vin, H. M. and Walicki, J. and Uht, A. K.}",
	title="{Integrated Approach to Concurrent Code Execution}",
	journal="{Kluwer Academic's: The Journal of Supercomputing}",
	year=1989,
	month="{Submitted: September}",
	volume="{}",
	note="{Being revised.}")

@comment{
@inbook(Uht89g,
	key="{Uht89g}",
	author="{Uht, A. K.}",
	series="{New Generation Computing}",
	title="{Advanced Uniprocessor Supercomputer Features - Exploitation of
		Low-Level Concurrency}",
	booktitle="{Supercomputing in Engineering Analysis}",
	publisher="{Marcel Dekker, Inc., New York}",
	editor="{Adeli, H.}",
	year=1990,
	note="{Invited chapter, outline submitted October, 1989; under review.}")
}
@comment{
	publisher="{Kluwer Academic, in association with the Supercomputing
		Research Center}",}

@misc(Vin89b,
	key="{Vin}",
	author="{Vin, H. M. and Uht, A. K.}",
	title="{Integrated Approach to Concurrent Code Execution with respect
		to Instruction Scheduling and Memory Reference
		Disambiguation}",
	note="{Poster presented at Supercomputing '89; ACM, IEEE; 
		Reno, Nevada; November, 1989.}")

@article(Vin89c,
	key="{Uht89af}",
	author="{Vin, H. M. and Uht, A. K.}",
	title="{Dynamic Instruction Substitution: A Technique of
		Minimizing Data Dependencies for Memory References}",
	journal="{IEEE-CS TC-MICRO MICROARCH Newsletter}",
	year=1989,
	month="{July}",
	number="{1 \& 2}",
	volume="{4}")

@article(Lip97,
	author="{Lipasti M.H and Shen J.P.}",
	title="{Superarchitecture Microarchitecture for Beyond AD 200}",
	journal="{IEEE Computer Magazine}",
	year=1997,
	month="{September}",
	number="{9}",
	volume="{30}")

@techreport(Wang88,
	key="{Wang}",
	author="{Wang, S. S. and Uht, A. K.}",
	title="{Ideograph and Minimal Procedural Dependencies}",
	number="{CS88-140}",
	institution="{Department of Computer Science and Engineering,
		University of California, San Diego}",
	year=1988,
	month="{December}")

@inproceedings(Wang89,
	key="{Wang}",
	author="{Wang, S. S. H. and Uht, A. K.}",
	title="{Program Optimization with Ideograph}",
	organization="{Pennsylvania State University, University Park, PA}",
	booktitle="{Proceedings of the 1989 International Conference on
		Parallel Processing}",
	year=1989,
	month="{August}",
	pages="{153-159}",
	volume="{II}")

@article(Wang89b,
	key="{Wang}",
	author="{Wang, S. S. and Uht, A. K.}",
	title="{Program Parallelism Detection with Ideograph}",
	journal="{Journal paper in preparation}",
	year="{1989}",
	month="{September}",
	volume="{}")


@inproceedings(Wang90b,
	key="{Wang}",
	author="{Wang, S. S. H. and Uht, A. K.}",
	title="{Ideograph/Ideogram: Framework/Architecture for
		Eager Evaluation}",
	organization="{ACM and IEEE Computer Society}",
	booktitle="{Proceedings of the 23rd Annual Symposium and
		Workshop on Microprogramming and Microarchitecture, MICRO-23}",
	year=1990,
	pages="{125-134}",
	month="{November}")

@article(Wang91b,
	key="{Wang}",
	author="{Wang, S. S. and Uht, A. K.}",
	Title="{Ideograph: An Imperative Program Graph for Eager Evaluation}",
	journal="{IEEE Transactions on Parallel and Distributed Systems}",
	month="{}",
	year="{1991}",
	note="{Submitted, being revised.}")


