

@inproceedings{ lipasti96exceeding,
    author = "Mikko H. Lipasti and John Paul Shen",
    title = "Exceeding the Dataflow Limit via Value Prediction",
    booktitle = "International Symposium on Microarchitecture",
    pages = "226--237",
    year = "1996"
}

@article{Lip97,
        author="{Lipasti M.H and Shen J.P.}",
        title="{Superspeculative Microarchitecture for Beyond AD 200}",
        journal="{IEEE Computer}",
        number="{9}",
        volume="{30}",
        year= 1997,
        month= September
}

@techreport{ lipasti97approaching,
  author = "M. Lipasti and J. Shen",
  title = "Approaching 10 IPC via superspeculation",
  text = "Lipasti, M.H., Shen, J.P.: 
	Approaching 10 IPC via superspeculation,
  	Technical Report CMU-MIG-1",
     number = "CMU-MIG-1",
  institution = "Carnegie Mellon University",
  howpublished = "Technical Report of Carnegie Mellon University",
  year = "1997"
}

@inproceedings{ lipasti96value,
    author = "Mikko H. Lipasti and Christopher B. Wilkerson and John P. Shen",
    title = "Value Locality and Load Value Prediction",
    booktitle = "Architectural Support for Programming Languages and 
		Operating Systems",
    year = "1996",
    pages = "138--147"
}

@misc{ lipasti97value,
  author = "M. Lipasti",
  title = "Value Locality and Speculative Execution",
  text = "M. H. Lipasti, Value Locality and Speculative Execution, 
	Ph.D. thesis, Carnegie Mellon University",
  institution = "Carnegie Mellon University",
  year= 1997,
	month= April
}

@article{ lipasti97superspeculative,
    author = "Mikko H. Lipasti and John Paul Shen",
    title = "Superspeculative Microarchitecture for Beyond {AD 2000}",
    journal = "IEEE Computer",
    volume = "30",
    number = "9",
    year = 1997,
    pages = "59--66"
}

@inproceedings{ lipasti97performance,
    author = "Mikko H. Lipasti and John P. Shen",
    title = "The Performance Potential of Value and Dependence Prediction",
    booktitle = "European Conference on Parallel Processing",
    year = 1997,
    pages = "1043--1052"
}

@article{ lipasti98exploiting,
    author = "Mikko H. Lipasti and John P. Shen",
    title = "Exploiting Value Locality to Exceed the Dataflow Limit",
    journal = "International Journal of Parallel Programming",
    volume = "26",
    number = "4",
    year = 1998,
    pages = "505--538"
}


