
@misc{Nag01,
  author = "{Nagarajan R. and Sankaralingam K. and Burger D. and Keckler S.}",
  title = "{A Design Space Evaluation of Grid Processor Architectures}",
  booktitle = "Proceedings of the 30th
    Annual ACM/IEEE International Symposium on Microarchitecture",
 year = {" To appear, 2001"}
 }

@article{Lip97,
        author="{Lipasti M.H and Shen J.P.}",
        title="{Superarchitecture Microarchitecture for Beyond AD 200}",
        journal="{IEEE Computer Magazine}",
        year=1997,
        month="{September}",
        number="{9}",
        volume="{30}"
}

@inproceedings{Cle95,
        key="{Cle95}",
        author="{Cleary J.G, Pearson M.W and Kinawi H.}",
        title="{The Architecture of an Optimistic CPU: The Warp Engine}",
        booktitle="{Proceedings of the Hawaii Internationl Conference
           on System Science}",
        year=1995,
        pages="{163-172}",
        month="{January}"
}

