
@article{Conners79,
    author = "{Conners W.D., Florkiowski J., Patton S.K.}",
    title = "The IBM 3033: An inside Look",
    journal = "Datamation",
    pages = "198-218",
    year = "1979"
}

@inproceedings{Wang90,
  author  = "{Wang S.S.H, Uht A.K.}",
  title   = "Ideograph/Ideogram: Framework/Architecture for Eager Execution",
  booktitle = "Proceedings of the 23rd 
	Symposium and Workshop on Microprogramming and Microarchitecture",
    publisher = "ACM Press",
    address = "New York, NY",
  year    = "1990",
        month= "Nov",
  pages   = "125-134"
}

@techreport{Heil96,
	author="{Heil T.H., Smith J.E.}",
	title="{Selective Dual Path Execution}",
	institution="{University of Wisconsin - Madison}",
  	address =  "Madison, WI",
	year=1996
}

@inproceedings{Klauser98,
    author = "{Klauser A.S., Pathankar A., Grunwald D.}",
    title = "Selective Eager Execution on the PolyPath Architecture",
	booktitle="{Proceedings of the 25th 
	International Symposium on Computer Architecture}",
    publisher = "ACM Press",
    address = "New York, NY",
    year = "1998",
	month = "June",
    pages = "250-259"
}

@inproceedings{Wallace98,
    author = "{Wallace S., Calder B., Tullsen D.M.}",
    title = "Threaded Multiple Path Execution",
	booktitle="{Proceedings of the 25th 
	International Symposium on Computer Architecture}",
    publisher = "ACM Press",
    address = "New York, NY",
    year = "1998",
	month = "June"
}

@inproceedings{Tullsen96,
    author = "{Tullsen D.M., Eggers S.J., Emer J.S., 
	Levy, H.M., Lo J.L., Stamm R.L.}",
    title = "Exploiting Choice: Instruction Fetch and issue 
	on an implementable simultaneous multithreading processor",
	booktitle="{Proceedings of the 23th 
	International Symposium on Computer Architecture}",
    publisher = "ACM Press",
    address = "New York, NY",
    year = "1996",
	month = May,
    pages = "191-202"
}

@inproceedings{Ahuja98,
    author = "{Ahuja P.S., Skadron K., Martonosi M., Clark D.W.}",
    title = "Multipath Execution: Opportunities and Limits",
	booktitle="{Proceedings of the 12th 
		International Conference on Supercomputing}",
    publisher = "ACM Press",
    address = "New York, NY",
    year = "1998",
	month = "July"
}

@inproceedings{Klauser99,
    author = "{Klauser A.S., Grunwald D.}",
    title = "Instruction Fetch Mechanisms for Multipath Execution Processors",
    booktitle="{Proceedings of the 32nd 
	International Symposium on Microarchitecture}",
    publisher = "ACM Press",
    address = "New York, NY",
    year = "1999",
	month = "Nov"
}

@inproceedings{Ranganathan98,
  author  = "{Ranganathan N., Franklin M.}",
  title   = "An Empirical Study of Decentralized ILP Execution Models",
  booktitle = "Proceedings of the 8th 
	International Conference on Architectural Support for 
	Programming Languages and Operating Systems",
    publisher = "ACM Press",
    address = "New York, NY",
  year    = "1998",
        month= "October",
  pages   = "272-281"
}

@inproceedings{Cher01,
    author = "{ Cher C., Vijaykumar T.N. }",
    title = "Skipper: A Microarchitecture for Exploiting 
	Control-Flow Independence",
    booktitle="{Proceedings of the 34nd 
	International Symposium on Microarchitecture}",
    publisher = "ACM Press",
    address = "New York, NY",
    year = "2001",
	month = "Nov"
}

@inproceedings{Nag01,
    author = "{ Nagarajan R., Sankaralingam K., Burger D., Keckler S.W. }",
    title = "A Design Space Evaluation of Grid Processor Architectures",
    booktitle="{Proceedings of the 34nd 
	International Symposium on Microarchitecture}",
    publisher = "ACM Press",
    address = "New York, NY",
    year = "2001",
	month = "Nov"
}

@misc{Sank01,
    author = "Sankaranarayanan K., Skadron K.",
    title = "Skipper: A Scheme for Selective Squash and Re-issue for 
		Single-Sided Branch Hammocks",
    booktitle="{PACT: Work In Progress Session }",
    howpublished = "ACM Press",
    month = "Oct",
    year = "2001"
}


@article{Pop,
    author = "{Popescu V., Schultz M., Spracklen J., 
		Gibson G., Lightner B. and Isaman D.}",
    title = "The {Metaflow} Architecture",
    journal = "IEEE Micro",
    volume = "11",
    number = "3",
    pages = "10--13, 63--73",
    year = "1991"
}

@inproceedings{Palacharla,
    author = "{Palacharla S., Jouppi N.P. and Smith J.E.}",
    title = "Complexity-Effective Superscalar Processors",
    booktitle = "{ISCA-24}",
    pages = "206-218",
    year = "1997"
}

@inproceedings{Cleary95,
        author="{Cleary J.G, Pearson M.W and Kinawi H.}",
        title="{The Architecture of an Optimistic CPU: The Warp Engine}",
        booktitle="{Proc. of the HICSS}",
        year=1995,
        pages="{163-172}",
        month="{Jan}"
}

@article{Anderson67,
  author = "{Anderson D., Sparacio F. and Tomasulo F.}",
  title = "{The IBM/360 Model 91: Machine Philosophy and 
		Instruction Handling}",
  journal = "{IBM Journal}",
  number = {11},
  year   = {1967},
  pages  = "8-24"
}

@inproceedings{Lam92,
	key="{Lam92}",
	author="{Lam M.S. and Wilson R.P.}",
	title="{Limits of Control Flow on Parallelism}", 
	organization="{ACM}",
	booktitle="{Proc. of ISCA-19}",
	year=1992,
	pages="{46-57}",
	month="{May}"
}


@techreport{Gon97,
	key="{Gon97}",
	author="{Gonzalez J. and Gonzalez A.}",
	title="{Limits on Instruction-Level Parallelism with Data Speculation}",
	institution="{UPC, Barcelona Spain}",
	number="{UPC-DAC-1997-34}",
	year=1997
}

@inproceedings{Uht95,
	key="{Uht95}",
	author="{Uht A. K. and Sindagi V.}",
	title="{Disjoint Eager Execution: An Optimal Form of 
		Speculative Execution}",
	booktitle="{Proc. MICRO-28}",
	organization="{ACM}",
	month="{Nov}",
	pages="313-325",
	year=1995
}

@article{Tom67,
	key="{Tom67}",
	author="{Tomasulo R.M.}",
	title="{An Efficient Algorithm for Exploiting Multiple
		Arithmetic Units}",
	journal="{IBM Journal of Research and Development}",
	month="{Jan}",
	volume="{11}",
	number="{1}",
	year=1967,
	pages="{25-33}"
}

@inproceedings{Thornton64,
	key="{Thornton64}",
	author="{Thornton J.E.}",
	title="{Parallel Operation in the Control Data 6600}", 
	booktitle="{Proc. of the AFIPS}", 
	year=1964,
        volume=26,
	pages="{33-40}"
}

@techreport{Uht01,
	key="{Uht01}",
	author="{Uht A.K., Morano D.A., Khalafi A., de Alba M., 
		Wenisch T., Ashouei M., and Kaeli D.}",
    	title="{IPC in the 10's via Resource Flow Computing with Levo}",
	institution="{Dept. of ECE, 
               URI}",
	number="{092001-001}",
	year=2001,
	month="{Sept}"
}

@techreport{Kaeli01,
	key="{Kaeli01}",
	author="{Kaeli D., Morano D.A., Uht A.}",
    	title="{Preserving Dependencies in a Large-Scale 
		Distributed Microarchitecture}",
	institution="{Dept. of ECE, URI}",
	number="{022002-001}",
	year=2001,
	month="{Dec}"
}

@inproceedings{Austin97,
	key="{Austin97}",
	author="{Austin T.M., Burger D.}",
	title="{ SimpleScalar Tutorial }", 
	booktitle="{Proc. of MICRO-30}",
	month="{Nov}",
	year=1997
}

@techreport{Uht92e,
	key="{Uht92e}",
	author="{Uht A. K.}",
	title="{Extraction of Massive Instruction Level Parallelism}",
	institution="{Dept. of EE,
		URI}",
	number="{1292-0001}",
	year=1992,
	month="{Dec}"
}

@INPROCEEDINGS{Smi81,
  author  = "Smith J.E.",
  title   = {A study of branch prediction strategies},
  year    = 1981,
  booktitle =" Proceedings of 8th Symposium in Computer Architecture",
  address =  "Minneapolis, MN",
  pages   = "135-148"
}

@misc{lee84,
    author = "Lee J. and Smith A.",
    title = "Branch prediction strategies and branch target buffer design",
    howpublished = "IEEE Computer 17(1)",
    month = "January",
    year = "1984"
}

@inproceedings{kaeli91,
    author = "D.R. Kaeli and P.G. Emma",
    title = "Branch History Table Prediction of Moving Target Branches Due to Subroutine Returns",
    booktitle = "Proceedings of the 18th International Symposium on Computer Architecture ({ISCA})",
    journal = "ACM Computer Architecture News, SIGARCH",
    volume = "19-3",
    publisher = "ACM Press",
    address = "New York, NY",
    pages = "34--42",
    year = "1991"
}

@inproceedings{glo96,
    author = "N. Gloy and C. Young and J. B. Chen and M. D. Smith",
    title = "An Analysis of Dynamic Branch Prediction Schemes on System Workloads",
    booktitle = "Proc. 23rd Annual Intl. Symp. on Computer Architecture",
    pages = "12--21",
    year = "1996"
}

@inproceedings{pan92,
    author = "S.-T. Pan and K. So and J. T. Rahmeh",
    title = "Improving the accuracy of dynamic branch prediction using branch correlation",
    booktitle = "Proceedings of the 5th International Conference on Architectural Support for Programming Languages and Operating System ({ASPLOS})",
    journal = "SIGPLAN Notices",
    volume = "27",
    number = "9",
    publisher = "ACM Press",
    address = "New York, NY",
    isbn = "0-89791-534-8",
    pages = "76--84",
    year = "1992"
}

@book{hennpatt,
    author = "John L. Hennessy and David A. Patterson",
    title = "Computer Architecture: A Quantitative Approach, 2nd ed.",
    publisher =  "Morgan Kaufmann",
    address = "Palo Alto, CA",
    year = "1995"
}

@INPROCEEDINGS{Yeh93,
  author  = "T. Y. Yeh and Y. N. Patt",
  title   = {A Comparison of Dynamic Branch Predictors that use Two 
             Levels of Branch History},
  year    = 1993,
  booktitle = "The 20th Annual International Symposium on Computer Architecture", 
  address =  "Goteborg, Sweden",
  pages   = "257-266"
}

@inproceedings{Che96,
    author = "I-Cheng K. Chen, John T. Coffey and Trevor Mudge",
    title = "Analysis of branch prediction via data compression",
    booktitle = "Proceedings of the seventh International Conference
		  on Architectural support for programming languages
		  and operating systems",
    address = "Cambridge, MA",
    pages = "128-137",
    year = "October, 1996"
}

@misc{kae97,
    author = "D. Kaeli and P. Emma",
    title = "Improving the Accuracy of History-based Branch Prediction",
    howpublished = "IEEE Transactions on Computers, 46(4):469--472",
    month = "April",
    year = "1997"
}

@misc{chan97,
    author = "P-Y. Chang, E. Hao, Y. Patt",
    title = "Target Prediction for Indirect Jumps",
    howpublished = "Proc. of the 24th Annual International Symposium on Computer Architecture",
    address = "Denver, CO",
    pages ="274-283",
    month = "June",
    year = "1997"
}

@misc{driesen1-98,
    author = "K. Driesen and U. Hlzle",
    title = "Accurate Indirect Branch Prediction",
    howpublished = "Proceedings of The 25th International Symposium on Computer Architecture",
    address = "Barcelona, Spain",
    month = "July",
    year = "1998"
}

@misc{driesen2-98,
    author = "K. Driesen and U. Holzle",
    title = "The Cascaded Predictor: Economic and Adaptive Branch Target Prediction",
    howpublished = "Proceedings of the 31st International Symposium on Microarchitecture",
    month =  "November",
    year = "1998",
    address = "Dallas, TX"
}

@PhdThesis{kalamat2000,
  author = 	 {John Kalamatianos},
  title = 	 {Microarchitectural and Compile-Time Optimizations for Performance Improvement of Procedural and Object-Oriented Languages},
  school = 	 {Northeastern University},
  year = 	 {2000},
  OPTkey = 	 {},
  OPTtype = 	 {},
  OPTaddress = 	 {},
  OPTmonth = 	 {January},
  OPTnote = 	 {},
  OPTannote = 	 {}
}

@INPROCEEDINGS{Tub98,
  author  = " J. Tubella and A. Gonzalez",
  title   = {Control Speculation in Multithreaded Processors through Dynamic Loop Detection},
  booktitle ="Proceedings of the 4th International Symposium on High-Performance Computer Architecture",
  address = "Las Vegas, NV",
  month = "January",
  year    = "1998"
}

@ARTICLE{Mck96,
  author  = "K. McKinley and S. Carr and C-W Tseng",
  title   = {Improving Data Locality with Loop Transformations},
  year    = 1996,
  journal = "ACM Transactions in Programming Languages and Systems",
  volume  = 18,
  number  = 4,
  pages   = "424-453"
}

@ARTICLE{Kob84,
  author  = "M. Kobayashi",
  title   = {Dynamic Characteristics of Loops},
  year    = 1984,
  journal = "IEEE Transactions on Computers",
  volume  = 33,
  number  = 2,
  pages   = "125-132"
}

@INPROCEEDINGS{She00,
  author  = "T. Sherwood and B. Calder",
  title   = {Loop Termination Prediction},
  booktitle =" Proceedings of the 3rd International Symposim on High Performance Computing",
  month = "October",
  year    = 2000,
  publisher = "Springer-Verlag"
}

@TechReport{UhtTR01,
     author = "A. Uht and D. Morano and A. Khalafi and M. de Alba and T. Wenisch and M. Ashouei and D. Kaeli", 
     title = "IPC in the 10's via Resource Flow Computing with Levo", 
     number = "TR No. 092001-001", 
     institution = "University of Rhode Island",
     year = "2001",
     url = "ftp://ele.uri.edu/pub/uht/LevoTR092001-001.pdf"
}

@TechReport{gonz-dependence,
    author = "Antonio Gonzalez and Pedro Marcuello",
    title = "Dependence Speculative Multithreaded Architecture",
    institution =  "Universitat Polytecnica de Catalunya",
    year = "1998",
    url = "citeseer.nj.nec.com/103862.html",
}

@Manual{ia64,
    organization = "Intel",
    title = "IA64 Application Developer's Architecture Guide",
      month = "May",
    year = "1999"  
}

@MISC{Sri94,
  author = "A. Srivastava and A. Eustace.",
  title =  {ATOM: a System for Building Customized Program Analysis Tools},
  year  = 1994,
  howpublished = "DEC Western Research Laboratory Technical Report",
  address = "Palo Alto CA",
  note = "Technical report"
  }

@inproceedings{Dav95,
    author = "J. Davidson and S. Jinturkar",
    title = "Improving Instruction-level Parallelism by Loop Unrolling and Dynamic
       Memory Disambiguation",
    booktitle = "Proceedings of the 28th annual international
                  symposium on Microarchitecture ",
    journal = "MICRO-28",
    publisher = "ACM Press",
    address = "New York, NY",
    pages = "125-132",
    year = "1995"
}

@inproceedings{Mah92,
    author = "S. A. Mahlke and W. Y. Chen and J. C. Gyllenhaal and W. Hwu and P. Chang and T. Kiyohara",
    title = "Compiler Code Transformations for Superscalar-Based High-Performance Systems",
    booktitle = "Proceedings Supercomputing '92",
    publisher = "IEEE",
    address = "Minn., MN",
    pages = "808--817",
    year = "1992"
}

@inproceedings{Lam88,
    author = "M. Lam",
    title = "Software Pipelining: An Effective Scheduling Technique for {VLIW} Machines",
    booktitle = "Proceedings of the {ACM} {SIGPLAN} '88 Conference on Programming Language Design and Implementation ({PLDI})",
    journal = "SIGPLAN Notices",
    volume = "23",
    number = "7",
    pages = "318-328",
    year = "1988"
}

@misc{Sai98,
  author = "S. Sair and D. Kaeli",
  title = "A Study of Loop Unrolling for VLIW-Based DSP Processor",
  month = "October",
  year = 1998,
  howpublished = "Proceedings of the Workshop on Signal Processing
                  Systems",
  pages = "519-527"
}

@article{Lip97,
        author="{Lipasti M.H and Shen J.P.}",
        title="{Superarchitecture Microarchitecture for Beyond AD 200}",
        journal="{IEEE Computer Magazine}",
        year=1997,
        month="{September}",
        number="{9}",
        volume="{30}"
}

@inproceedings{Cle95,
        key="{Cle95}",
        author="{Cleary J.G, Pearson M.W and Kinawi H.}",
        title="{The Architecture of an Optimistic CPU: The Warp Engine}",
        booktitle="{Proceedings of the Hawaii Internationl Conference
           on System Science}",
        year=1995,
        pages="{163-172}",
        month="{January}"
}

@inproceedings{Hen00,
        key="{Hen00}",
        author="{Henry D.S and Kuszmaul B.C. and Loh G.H. and Sami R.}",
        title="{Circuits for Wide-Window Superscalar Processors}",
        organization="{ACM}",
        booktitle="{Proceedings of the 27th Annual International
           Symposium on Computer Architecture}",
        year=2000,
        pages="{236-247}",
        month="{June}"
}


