@INPROCEEDINGS{Smi81,
  author  = "J. E. Smith",
  title   = {A study of branch prediction strategies.},
  year    = 1981,
  booktitle =" Proceedings of 8th Symposium in Computer Architecture",
  address =  "Minneapolis, MN",
  pages   = "135-148"
}

@misc{lee84,
    author = "J. Lee and A. Smith",
    title = "Branch prediction strategies and branch target buffer design",
    howpublished = "IEEE Computer 17(1)",
    month = "January",
    year = "1984"
}

@inproceedings{kaeli91,
    author = "D. R. Kaeli and P. G. Emma",
    title = "Branch History Table Prediction of Moving Target Branches Due to Subroutine Returns",
    booktitle = "Proceedings of the 18th International Symposium on Computer Architecture ({ISCA})",
    journal = "ACM Computer Architecture News, SIGARCH",
    volume = "19-3",
    publisher = "ACM Press",
    address = "New York, NY",
    pages = "34--42",
    year = "1991"
}

@inproceedings{glo96,
    author = "N. Gloy and C. Young and J. B. Chen and M. D. Smith",
    title = "An Analysis of Dynamic Branch Prediction Schemes on System Workloads",
    booktitle = "Proc. 23rd Annual Intl. Symp. on Computer Architecture",
    pages = "12--21",
    year = "1996"
}

@inproceedings{pan92,
    author = "S.-T. Pan and K. So and J. T. Rahmeh",
    title = "Improving the accuracy of dynamic branch prediction using branch correlation",
    booktitle = "Proceedings of the 5th International Conference on Architectural Support for Programming Languages and Operating System ({ASPLOS})",
    journal = "SIGPLAN Notices",
    volume = "27",
    number = "9",
    publisher = "ACM Press",
    address = "New York, NY",
    isbn = "0-89791-534-8",
    pages = "76--84",
    year = "1992"
}
@book{hennpatt,
    author = "John L. Hennessy and David A. Patterson",
    title = "Computer Architecture: A Quantitative Approach, 2nd ed.",
    publisher =  "Morgan Kaufmann",
    address = "Palo Alto, CA",
    year = "1995"
}

@INPROCEEDINGS{Yeh93,
  author  = "T. Y. Yeh and Y. N. Patt",
  title   = {A Comparison of Dynamic Branch Predictors that use Two 
             Levels of Branch History},
  year    = 1993,
  booktitle = "The 20th Annual International Symposium on Computer Architecture", 
  address =  "Goteborg, Sweden",
  pages   = "257-266"
}

@inproceedings{Che96,
    author = "I-Cheng K. Chen, John T. Coffey and Trevor Mudge",
    title = "Analysis of branch prediction via data compression",
    booktitle = "Proceedings of the seventh International Conference
		  on Architectural support for programming languages
		  and operating systems",
    address = "Cambridge, MA",
    pages = "128-137",
    year = "October, 1996"
}

@misc{kae97,
    author = "D. Kaeli and P. Emma",
    title = "Improving the Accuracy of History-based Branch Prediction",
    howpublished = "IEEE Transactions on Computers, 46(4):469--472",
    month = "April",
    year = "1997"
}

@misc{chan97,
    author = "P-Y. Chang, E. Hao, Y. Patt",
    title = "Target Prediction for Indirect Jumps",
    howpublished = "Proc. of the 24th Annual International Symposium on Computer Architecture",
    address = "Denver, CO",
    pages ="274-283",
    month = " June",
    year = "1997"
}

@misc{driesen1-98,
    author = "K. Driesen and U. Hlzle",
    title = "Accurate Indirect Branch Prediction",
    howpublished = "Proceedings of The 25th International Symposium on Computer Architecture",
    address = "Barcelona, Spain",
    month = "July",
    year = "1998"
}

@misc{driesen2-98,
    author = "K. Driesen and U. Holzle",
    title = "The Cascaded Predictor: Economic and Adaptive Branch Target Prediction",
    howpublished = "In Proceedings of the 31st International Symposium on Microarchitecture",
    month =  "November",
    year = "1998",
    address = "Dallas, TX"
}

@PhdThesis{kalamat2000,
  author = 	 {John Kalamatianos},
  title = 	 {Microarchitectural and Compile-Time Optimizations for Performance Improvement of Procedural and Object-Oriented Languages},
  school = 	 {Northeastern University},
  year = 	 {2000},
  OPTkey = 	 {},
  OPTtype = 	 {},
  OPTaddress = 	 {},
  OPTmonth = 	 {January},
  OPTnote = 	 {},
  OPTannote = 	 {}
}

@INPROCEEDINGS{Tub98,
  author  = " J. Tubella and A. Gonzalez",
  title   = {Control Speculation in Multithreaded Processors through Dynamic Loop Detection},
  booktitle ="Proceedings of the 4th International Symposium on High-Performance Computer Architecture",
  address = "Las Vegas, NV",
  month = "January",
  year    = "1998"
}

@ARTICLE{Mck96,
  author  = "K. McKinley and S. Carr and C-W Tseng",
  title   = {Improving Data Locality with Loop Transformations},
  year    = 1996,
  journal = "ACM Transactions in Programming Languages and Systems",
  volume  = 18,
  number  = 4,
  pages   = "424-453"
}

@ARTICLE{Kob84,
  author  = "M. Kobayashi",
  title   = {Dynamic Characteristics of Loops},
  year    = 1984,
  journal = "IEEE Transactions on Computers",
  volume  = 33,
  number  = 2,
  pages   = "125-132"
}

@INPROCEEDINGS{She00,
  author  = "T. Sherwood and B. Calder",
  title   = {Loop Termination Prediction},
  booktitle =" Proceedings of the 3rd International Symposim on High Performance Computing",
  month = "October",
  year    = 2000,
  publisher = "Springer-Verlag"
}

@TechReport{LevoTech01,
     author = "A. Uht and D. Morano and A. Khalafi and M. de Alba and T. Wenisch and M. Ashouei and D. Kaeli", 
     title = "IPC in the 10's via Resource Flow Computing with Levo", 
     number = "TR No. 092001-001", 
     institution = "University of Rhode Island",
     year = "2001",
     url = "ftp://ele.uri.edu/pub/uht/LevoTR092001-001.pdf"
}

@TechReport{gonz-dependence,
    author = "Antonio Gonzalez and Pedro Marcuello",
    title = "Dependence Speculative Multithreaded Architecture",
    institution =  "Universitat Polytecnica de Catalunya",
    year = "1998",
    url = "citeseer.nj.nec.com/103862.html",
}

@Manual{ia64,
    organization = "Intel",
    title = "IA64 Application Developer's Architecture Guide",
      month = "May",
    year = "1999"  
}

@MISC{Sri94,
  author = "A. Srivastava and A. Eustace.",
  title =  {ATOM: a System for Building Customized Program Analysis Tools},
  year  = 1994,
  howpublished = "DEC Western Research Laboratory Technical Report",
  address = "Palo Alto CA",
  note = "Technical report"
  }

@inproceedings{Dav95,
    author = "J. Davidson and S. Jinturkar",
    title = "Improving Instruction-level Parallelism by Loop Unrolling and Dynamic
       Memory Disambiguation",
    booktitle = "Proceedings of the 28th annual international
                  symposium on Microarchitecture ",
    journal = "MICRO-28",
    publisher = "ACM Press",
    address = "New York, NY",
    pages = "125--132",
    year = "1995"
}

@inproceedings{Mah92,
    author = "S. A. Mahlke and W. Y. Chen and J. C. Gyllenhaal and W. Hwu and P. Chang and T. Kiyohara",
    title = "Compiler Code Transformations for Superscalar-Based High-Performance Systems",
    booktitle = "Proceedings Supercomputing '92",
    publisher = "IEEE",
    address = "Minn., MN",
    pages = "808--817",
    year = "1992"
}

@inproceedings{Lam88,
    author = "M. Lam",
    title = "Software Pipelining: An Effective Scheduling Technique for {VLIW} Machines",
    booktitle = "Proceedings of the {ACM} {SIGPLAN} '88 Conference on Programming Language Design and Implementation ({PLDI})",
    journal = "SIGPLAN Notices",
    volume = "23",
    number = "7",
    pages = "318--328",
    year = "1988"
}

@misc{Sai98,
  author = "S. Sair and D. Kaeli",
  title = "A Study of Loop Unrolling for VLIW-Based DSP Processor",
  month = "October",
  year = 1998,
  howpublished = "Proceedings of the Workshop on Signal Processing
                  Systems",
  pages = "519--527"
}
