@article(Acosta86,
	key="{Acosta}",
	author="Acosta, R. D. and Kjelstrup, J. and Torng, H. C.",
	title="{An Instruction Issuing Approach to Enhancing Performance in
		Multiple Functional Unit Processors}",
	journal="{IEEE Transactions on Computers}",
	year=1986,
	month="{September}",
	pages="{815-828}",
	volume="{C-35}")

@article(Aichelmann81,
	key="{Aichelmann}",
	author="Aichelmann, F. J. and Fehn, T. P. and Uht, A. K.",
	title="{Interlaced Data/Regeneration for Memory Refresh}",
	journal="{IBM Technical Disclosure Bulletin}",
	volume="{24(1B)}",
	pages="{489-490}",
	month="{June}",
	year=1981)

@inproceedings(Aiken88,
	key="{Aiken}",
	author="Aiken, A. and Nicolau, A.",
	title="{Perfect Pipelining: A New Loop Parallelization Technique}",
	booktitle="{Proceedings of the 1988 European Symposium on
		Programming}",
	year=1988,
	note="{Also available as Dept. of Computer Science Technical Report
		Number 87-873, Cornell University, Ithaca, N.Y. 14853}")

@article(Alpert93,
	key="{Alpert}",
	author="Alpert, D. and Avnon, D.",
	title="{Architecture of the Pentium Processor}",
	journal="{MICRO}",
	volume="{13}",
	number="{3}",
	month="{June}",
	year="{1993}",
	pages="{11-21}")

@article(Anderson67,
	key="{Anderson}",
	author="Anderson, D. W. and Sparacio, F. J. and Tomasulo, R. M.",
	title="{The IBM System/360 Model 91: Machine Philosophy and
		Instruction-Handling}",
	journal="{IBM Journal of Research and Development}",
	year=1967,
	month="{January}",
	volume="{11}",
	number=1,
	pages="{8-24}")

@inproceedings(Austin92,
	key="{Austin}",
	author="Austin, T. M. and Sohi, G. S.",
	title="{Dynamic Dependency Analysis of Ordinary Programs}",
	organization="{IEEE and ACM}",
	booktitle="{Proceedings of the
		19th Annual International Symposium on Computer 
		Architecture, Gold Coast, Australia}",
	year=1992,
	month="{May}",
	pages="{342-351}")

@phdthesis(Banerjee79,
	key="{Banerjee}",
	author="Banerjee, U.",
	title="{Speedup of Ordinary Programs}",
	school="{University of Illinois at Urbana-Champaign}",
	month="{October}",
	year="{1979}",
	note="{Available as DCS Report No. UIUCDCS-R-79-989.}")

@article(Banerjee84,
	key="{Banerjee}",
	author="Banerjee, U. and Gajski, D.",
	title="{Fast Execution of Loops With IF Statements}",
	journal="{IEEE Transactions on Computers}",
	volume="{C-33}",
	number=11,
	year=1984,
	month="{November}",
	pages="{1030-1033}")

@article(Barnes68,
	key="{Barnes}",
	author="{Barnes, G. H. and Brown, R. M. and Kato, M. and Kuck, D. J.
		and Slotnick, D. L. and Stokes, R. A.}",
	title="{The ILLIAC IV Computer}",
	journal="{IEEE Transactions on Computers}",
	year=1968,
	month="{August}",
	pages="{746-757}",
	volume="{C-17}")

@unpublished(Baskett81,
	key="{Baskett}",
	author="Baskett, Forest",
	title="{The Puzzle Benchmark}",
	note="{This is an undocumented compute-bound program; obtained via
		Marc Rose of CMU and Scott Wakefield of Stanford University;
		fits a piece into a 3-D puzzle.}")

@article(Bernstein66,
	key="{Bernstein}",
	author="Bernstein, A. J.",
	title="{Analysis of Programs for Parallel Processing}",
	journal="{IEEE Transactions on Electronic Computers}",
	year=1966,
	month="{October}",
	pages="{757-763}",
	volume="{EC-15}")

@unpublished(Blaaw82,
	key="{Blaaw}",
	author="Blaaw, G. A. and Brooks Jr., F. P.",
	title="{Computer Architecture}",
	note="{Chapter 1, unpublished book.}")

@article(Broomell83,
	key="{Broomell}",
	author="Broomell, G. and Heath, J. R.",
	title="{Classification Categories and Historical Development of
		Circuit Switching Topologies}",
	journal="{ACM Computing Surveys}",
	year=1983,
	month="{June}",
	pages="{95-133}",
	volume="{15}",
	number=2)

@inproceedings(Butler91,
	key="{Butler}",
	author="Butler, M. and Yeh, T-Y. and Patt, Y. and
		 Alsup, M. and Scales, H. and Shebanow, M.",
	title="{Single Instruction Stream Parallelism Is Greater than Two}",
	organization="{IEEE and ACM}",
	booktitle="{Proceedings of the
		18th Annual International Symposium on Computer 
		Architecture, Toronto, Canada}",
	year=1991,
	month="{May}",
	pages="{276-286}")

@inproceedings(Chamberlin71,
	key="{Chamberlin}",
	author="Chamberlin, D. D.",
	title="{The Single-Assignment Approach to Parallel Processing}",
	organization="{AFIPS}",
	booktitle="{Proceedings of the Fall Joint Computer Conference}",
	year=1971,
	pages="{263-269}")

@article(Chambers71,
	key="{Chambers}",
	author="Chambers, J. M.",
	title="{Algorithm 410 - Partial Sorting}",
	journal="{Communications of the ACM}",
	year=1971,
	month="{May}",
	pages="{357-358}",
	volume=14)

@inproceedings(Chang91,
	key="{Chang}",
	author="Chang, P. and Mahlke, S. and Chen, W. and Warter, N. and
		Hwu, W.",
	title="{IMPACT: An Architectural Framework for 
		Multiple-Instruction-Issue Processors}",
	organization="{IEEE and ACM}",
	booktitle="{Proceedings of the
		18th Annual International Symposium on Computer 
		Architecture, Toronto, Canada}",
	year=1991,
	month="{May}",
	pages="{266-275}")

@article(Chang95,
	key="{Chang95}",
	author="Chang, P. P. and Warter, N. J. and Mahlke, S. A. and 
		Chen, W. Y. and Hwu, W. W.",
	title="{Three Architectural Models for Compiler-Controlled Speculative
		Execution}",
	journal="{IEEE Transactions on Computers}",
	month="{April}",
	volume="{44}",
	number="{4}",
	year=1995,
	pages="{481-494}")

@inproceedings(ChangPY94,
	key="{ChangPY}",
	author="Chang, P.-Y. and Hao, E. and Yeh, T.-Y. and Patt, Y.",
	title="{Branch Classification: a New Mechanism for Improving
		  Branch Predictor Performance}",
	booktitle="{Proceedings of the 27th International Symposium on 
		Microarchitecture (MICRO-27)}",
	organization="{IEEE and ACM}",
	month="{November/December}",
	pages="22-31",
	year=1994)

@inproceedings(ChangPY95,
	key="{ChangPY}",
	author="Chang, P.-Y. and Hao, E. and Patt, Y.",
	title="{Alternative Implementations of Hybrid Branch
		  Predictors}",
	booktitle="{Proceedings of the 28th International Symposium on 
		Microarchitecture (MICRO-28)}",
	organization="{IEEE and ACM}",
	month="{November/December}",
	pages="252-257",
	year=1995)

@inproceedings(Chen90,
	key="{Chen}",
	author="Chen, D.-K. and Su, H.-M. and Yew, P.-C.",
	title="{The Impact of Synchronization and Granularity on
		Parallel Systems}",
	organization="{IEEE and ACM}",
	booktitle="{Proceedings of the
		20th Annual International Symposium on Computer 
		Architecture, Seattle, Washington}",
	year=1990,
	month="{May}",
	pages="{239-248}")

@inproceedings(ChenI96,
	key="{ChenI}",
	author="Chen, I-C. and Coffey, J. and Mudge, T.",
	title="{Analysis of Branch Prediction via Data Compression}",
	organization="{ACM}",
	booktitle="{Proceedings of the
		Seventh Annual International Conference on Architectural
		Support for Programming Languages and 
		Operating Systems (ASPLOS-VII)}",
	year=1996,
	month="{October}",
	pages="128-137")

@phdthesis(Cheung75,
	key="{Cheung}",
	author="Cheung, L.",
	title="{Techniques for Reducing Dependancies Among Instructions
		for a Parallel Single Processor}",
	school="{Purdue University}",
	year=1975)

@book(Chu75,
	key="{Chu}",
	author="Chu, Yaohan, ed.",
	publisher="{Academic Press}",
	title="{High-Level Language Computer Architecture}",
	year=1975,
	address="{New York City}")

@inproceedings(Citron95,
	key="{Citron}",
	Author="{Citron, D. and Rudolph, L.}",
	title="{Creating a Wider Bus Using Caching Techniques}",
	booktitle="{Proceedings of the First High-Performance
		  Computer Architecture Conference}",
	organization="{IEEE}",
	month="{January}",
	pages="{90-99}",
	year=1995)

@article(cmstar,
	key="{Jones}",
	author="{Jones, A. K. and Chansler, Jr., R. J. and Durham, I. and
		Feiler,	P. H. and Scelza, D. A. and Schwans, K. and 
		Vegdahl, S. R.}",
	title="{Programming Issues Raised by a Multiprocessor}",
	journal="{Proceedings of the IEEE}",
	year=1978,
	number="{2}",
	pages="{229-237}",
	month="{February}",
	volume="{66}")

@unpublished(cmumcf,
	key="{Carnegie-Mellon}",
	author="Carnegie-Mellon University",
	title="{MCF Test Programs and Data Specification}",
	note="{Benchmark programs in a generic language, and instructions for
		their coding and use.}")

@unpublished(Cocke86,
	key="{Cocke}",
	author="Cocke, J.",
	title="{High Performance Scalar Scientific Architectures}",
	note="{Distinguished Lecture given at the Nineteenth Annual
		Hawaii International Conference on System Sciences, 1986.}")

@article(Colwell83,
	key="{Colwell}",
	author="Colwell, R. P. and Hitchcock, C. Y. III and Jensen, E. D.",
	title="{Peering Through the RISC/CISC Fog: An Outline of Research}",
	journal="{ACM-SIGARCH Computer Architecture News}",
	year=1983,
	month="{March}",
	volume="{11}",
	number=1,
	pages="{44-50}")

@article(Colwell85,
	key="{Colwell}",
	author="{Colwell, R. P. and Hitchcock, C. Y. III and Jensen, E. D. and
		Sprunt, H. M. B. and Kollar, C. P.}",
	title="{Computers, Complexity, and Controversy}",
	journal="{COMPUTER, IEEE Computer Society}",
	volume="{18}",
	number=9,
	year=1985,
	month="{September}",
	pages="{8-19}")

@inproceedings(Colwell87,
	key="{Colwell}",
	Author="{Colwell, R. P. and Nix, R. P. and O'Donnell, J. J. and
		Papworth, D. B.	and Rodman, P. K.}",
	title="{A VLIW Architecture for a Trace Scheduling Compiler}",
	booktitle="{Proceedings of the Second International
		Conference Architectural Support for Programming Languages
		and Operating Systems (ASPLOS II)}",
	organization="{ACM and IEEE}",
	month="{September}",
	pages="{180-192}",
	year=1987)

@article(Colwell88,
	key="{Colwell}",
	Author="Colwell, R. P. and Nix, R. P. and O'Donnell, J. J. and
		Papworth, D. B.	and Rodman, P. K.",
	title="{A VLIW Architecture for a Trace Scheduling Compiler}",
	journal="{IEEE Transactions on Computers}",
	month="{Aug.}",
	pages="{967-979}",
	volume="{C-37}",
	number="{8}",
	year=1988)

@misc(Colwell96,
	key="{Colwell}",
	Author="Colwell, R. P.",
	year=1996,
	month="December 12-17,",
	note="Personal communications.")

@book(Cragon92,
	key="{Cragon}",
	author="Cragon, H. G.",
	title="{Branch Strategy Taxonomy and Performance Models}",
	publisher="{IEEE Computer Society Press}",
	year="{1992}",
	address="{Los Alamitos, California}")
	
@proceedings(computer82,
	key="{Agerwala}",
	year=1982,
	publisher="{IEEE Computer Society}",
	editors="{Agerwala, T. and Arvind}",
	title="{COMPUTER, Vol. 15, Number 2 - Data Flow Systems}")

@inproceedings(Conte95,
	key="{Conte}",
	author="Conte, T. M. and Sathaye, S. W.",
	title="{Dynamic Rescheduling: A Technique for Object Code Compatibility
		  in VLIW Architectures}",
	booktitle="{Proceedings of the 28th International Symposium on 
		Microarchitecture (MICRO-28)}",
	organization="{IEEE and ACM}",
	month="{November/December}",
	pages="208-218",
	year=1995)

@inproceedings(Conte96,
	key="{Conte}",
	author="Conte, T. M. and Sathaye, S. W. and Banerjia, S.",
	title="{A Persistent Rescheduled-Page Cache for Low Overhead
		  Object Code Compatibility
		  in VLIW Architectures}",
	booktitle="{Proceedings of the 29th International Symposium on 
		Microarchitecture (MICRO-29)}",
	organization="{IEEE and ACM}",
	month="{December}",
	pages="4-13",
	year=1996)

@techreport(Cydrome87,
	key="{Cydrome}",
	author="Cydrome, Inc.",
	title="{CYDRA 5 Directed Dataflow Architecture}",
	institution="{Cydrome, Inc.}",
	address="{1589 Centre Pointe Drive, Milpitas, CA 95035}",
	Year=1987)

@inproceedings(Cytron86,
	key="{Cytron}",
	author="Cytron, R. G.",
	title="{Doacross: Beyond Vectorization  for 
		Multiprocessors (Extended Abstract)}",
	organization="{Pennsylvania State University and the IEEE Computer
		Society}",
	booktitle="{Proceedings of the 1986 International 
		Conference on Parallel Processing}",
	month="{August}",
	year="{1986}",
	pages="{836-844}")

@article(Denning86,
	key="{Denning}",
	Author="Denning, P. J.",
	title="{Parallel Computing and its Evolution}",
	note="{Editorial.}",
	journal="{Communications of the ACM}",
	month="{December}",
	year=1986,
	volume=29,
	number=12,
	pages="{1163-1167}")

@article(Dubois88,
	key="{Dubois}",
	author="Dubois, M. and Schuerich, C. and Briggs, F. A.",
	title="{Synchronization, Coherence, and Event Ordering in 
		Multiprocessors}",
	journal="{COMPUTER}",
	volume=21,
	number=2,
	month="{February}",
	year=1988,
	pages="{9-21}")

@inproceedings(Dubey95,
	key="{Dubey}",
	author="Dubey, P. K. and O'Brien, K. and O'Brien, K. M. and
		  Barton, C.",
	title="{Single-Program Speculative Multithreading (SPSM)
		  Architecture: Compiler-assisted Fine-Grained
		  Multithreading}",
	organization="{IFIP}",
	booktitle="{Proceedings of the International Conference on
		Parallel Architectures and Compilation Techniques (PACT95)}",
	year=1995,
	publisher="North-Holland",
	month="{June}")

@inproceedings(Dutta95,
	key="{Dutta}",
	author="Dutta, S. and Franklin, M.",
	title="{Control Flow Prediction with Tree-Like Subgraphs for
		  Superscalar Processors}",
	booktitle="{Proceedings of the 28th International Symposium on 
		Microarchitecture (MICRO-28)}",
	organization="{IEEE and ACM}",
	month="{November/December}",
	pages="258-263",
	year=1995)

@inproceedings(Dwyer92,
	key="{Dwyer}",
	author="Dwyer, H. and Torng, H. C.",
	title="{An Out-of-Order Superscalar Processor with Speculative
		Execution and Fast, Precise Interrupts}",
	booktitle="{Proceedings of the Twenty-Fifth International Symposium
		on Microarchitecture (MICRO-25)}",
	organization="{ACM and IEEE}",
	month="{December}",
	year=1992,
	pages="{272-281}")

@inproceedings(Ebcioglu87,
	key="{Ebcioglu}",
	author="Ebcio\u{g}lu, K.",
	title="{A Compilation Technique for Software Pipelining of Loops
		with Conditional Jumps}",
	organization="{Association of Computing Machinery}",
	booktitle="{Proceedings of the Twentieth Annual Workshop on
		Microprogramming (MICRO-20)}",
	month="{December}",
	pages="{69-79}",
	year="{1987}")

@misc(Ebcioglu87b,
	key="{Ebcioglu}",
	author="Ebcio\u{g}lu, K.",
	title="{Personal communication.}",
	howpublished="{}",
	month="{December}",
	year="{1987}")

@techreport(Ebcioglu90,
	key="{Ebcioglu}",
	author="Ebcio\u{g}lu, K. and Groves, R.",
	title="{Some Global Compiler Optimizations and Architectural
		Features for Improving Performance of Superscalars}",
	institution="{Research Division, International Business 
		Machines, Inc.}",
	number="{RC 16145 (\#71759)}",
	year=1990,
	month="{October 2,}")

@techreport(Ebcioglu96,
	key="{Ebcioglu}",
	author="Ebcio\u{g}lu, K. and Altman, E. R.",
	title="{DAISY: Dynamic Compilation for 100\%
		Architectural Compatibility}",
	institution="{IBM Research Division}",
	year=1996,
	Month="{August 5,}",
	number="RC 20538",
	type="IBM Research Report")

@phdthesis(Ellis85,
	key="{Ellis}",
	author="Ellis, J. R.",
	title="{Bulldog: A Compiler for VLIW Architectures}",
	school="{Yale University, New Haven, CT}",
	year=1985)

@article(Emma87,
	key="{Emma}",
	author="Emma, P. G. and Davidson, E. S.",
	title="{Characterization of Branch and Data Dependencies
		in Programs for Evaluating Pipeline Performance}",
	journal="{IEEE Transactions on Computers}",
	Volume="{C-36}",
	month="{July}",
	year=1987,
	pages="{859-875}")

@inproceedings(Emer97,
	key="{Emer}",
	author="Emer, J. and Gloy, N.",
	title="{A Language for Describing Predictors and Its
		  Application to Automatic Synthesis}",
	organization="{IEEE and ACM}",
	booktitle="{Proceedings of the
		24nd Annual International Symposium on Computer 
		Architecture}",
	year=1997,
	month="{June}",
	note="To appear.")

@misc(Emma95,
	key="{Emma95}",
	author="Emma, P. G. and Knight, J. W. and Pomerene, J. H. and Puzak, T. R.",
	title="{U.S. Patent No. 5,434,985: Simultaneous Prediction of Multiple 
		Branches for Superscalar Processing}",
	year=1995,
	month="July")

@inproceedings(Evers96,
	key="{Evers}",
	author="Evers, M. and Chang, P.-Y. and Patt, Y.",
	title="{Using Hybrid Branch Predictors to Improve Branch
		  Prediction Accuracy in the Presence of Context Switches}",
	organization="{IEEE and ACM}",
	booktitle="{Proceedings of the
		23nd Annual International Symposium on Computer 
		Architecture}",
	year=1996,
	month="{May}",
	pages="3-11")

@article(Ferrante87,
	key="{Ferrante}",
	author="Ferrante, J. and Ottenstein, K. and Warren, J.",
	title="{The Program Dependence Graph and its Use in Optimization}",
	journal="{ACM Transactions on Programming Languages and Systems}",
	volume="{9}",
	Number="{3}",
	month="{July}",
	year=1987,
	pages="{319-349}")

@article(Fisher81,
	key="{Fisher}",
	author="Fisher, J. A.",
	title="{Trace Scheduling: A Technique for Global Microcode Compaction}",
	journal="{IEEE Transactions on Computers}",
	Volume="{C-30}",
	number="{7}",
	month="{July}",
	year=1981)

@inproceedings(Fisher83,
	key="{Fisher}",
	author="Fisher, J. A.",
	title="{Very Long Instruction Word Architectures and the ELI-512}",
	organization="{ACM-SIGARCH and the IEEE Computer Society}",
	booktitle="{Proceedings of the 10th Annual International Symposium
		on Computer Architecture}",
	year=1983,
	month="{June}",
	pages="{140-150}")

@misc(Fisher83b,
	key="{Fisher}",
	author="Fisher, J. A.",
	note="{Comments on ELI at 10th Annual International Symposium on
		Computer Architecture.}")

@article(Fisher91,
	key="{Fisher}",
	author="Fisher, J. A. and Rau, B. R.",
	title="{Instruction-Level Parallel Processing}",
	journal="{Science}",
	year="{1991}",
	month="{September 13}",
	pages="{1233-1241}")

@inproceedings(Fisher92,
	key="{Fisher}",
	author="Fisher, J. A. and Freudenberger, S. M.",
	title="{Predicting Conditional Branch Directions From Previous
		Runs of a Program}",
	organization="{ACM and IEEE}",
	booktitle="{Proceedings of the 5th Annual International Conference
		on Architectural Support for Programming Languages and
		Operating Systems (ASPLOS-V)}",
	year=1992,
	month="{October}",
	pages="{85-95}")

@article(Flynn72,
	key="{Flynn}",
	author="Flynn, M. J.",
	title="{Some Computer Organizations and Their Effectiveness}",
	journal="{IEEE Transactions on Computers}",
	year=1972,
	month="{September}",
	volume="{C-21}",
	number=9,
	pages="{948-960}")

@techreport(Flynn79,
	key="{Flynn}",
	author="Flynn, M. J. and Hoevel, L. W.",
	title="{A Theory of Interpretive Architectures: Ideal Language
		Machines}",
	institution="{Computer Systems Laboratory, Stanford University}",
	number="{170}",
	year=1979,
	month="{February}")

@article(Flynn83,
	key="{Flynn}",
	author="Flynn, M. J. and Hoevel, L. W.",
	title="{Execution Architecture: The DELtran Experiment}",
	journal="{IEEE Transactions on Computers}",
	year=1983,
	month="{February}",
	volume="{C-32}",
	number=2,
	pages="{156-174}")

@article(Foster72,
	key="{Riseman}",
	author="Foster, C. C. and Riseman, E. M.",
	title="{Percolation of Code to Enhance Parallel Dispatching and 
		Execution}",
	journal="{IEEE Transactions on Computers}",
	year=1972,
	month="{December}",
	volume="{C-21}",
	number=12,
	pages="{1411-1415}")

@inproceedings(Franklin92,
	key="{Franklin}",
	author="Franklin, M. and Sohi, G. S.",
	title="{The Expandable Split Window Paradigm for Exploiting Fine-Grain
		Parallelism}",
	organization="{IEEE and ACM}",
	booktitle="{Proceedings of the19th Annual International Symposium 		on Computer 
		Architecture, Gold Coast, Australia}",
	year=1992,
	month="{May}",
	pages="{58-67}")

@inproceedings(Franklin92b,
	key="{Franklin}",
	author="Franklin, M. and Sohi, G. S.",
	title="{Register Traffic Analysis for Streamlining Inter-Operation
		Communication in Fine-Grain Parallel Processors}",
	booktitle="{Proceedings of the Twenty-Fifth International Symposium
		on Microarchitecture (MICRO-25)}",
	organization="{ACM and IEEE}",
	month="{December}",
	year=1992,
	pages="{236-245}")

@inproceedings(Furtney82,
	key="{Furtney}",
	author="Furtney, M. and Pratt, T. W.",
	title="{Kernel-control Tailoring of Sequential Programs for
		Parallel Execution}",
	organization="{IEEE Computer Society and the Association for Computing
		Machinery}",
	booktitle="{Proceedings of the International Conference on Parallel
		Processing}",
	year=1982,
	month="{August}",
	pages="{245-247}")

@article(Gajski82,
	key="{Gajski}",
	author="Gajski, D. D. and Padua, D. A. and
		Kuck, D. J. and Kuhn, R. H.",
	title="{A Second Opinion on Data Flow Machines and Languages}",
	journal="{COMPUTER}",
	year=1982,
	month="{February}",
	volume=15,
	number=2,
	pages="{58-69}")

@misc(Gaya84,
	key="{Gaya}",
	Author="Gaya, B.",
	title="{Comments on re-writing a C compiler for a new architecture}",
	note="{Personal communication, February 1984.}")

@misc(Gehringer82,
	key="{Gehringer}",
	author="Gehringer, E.",
	title="{15-412 - Operating Systems course notes}",
	note="{Carnegie-Mellon University, Fall 1982.}")

@inproceedings(Gloy96,
	key="{Gloy}",
	author="Gloy, N. and Young, C. and Chen, J. and Smith, M.",
	title="{An Analysis of Dynamic Branch Prediction Schemes on
		  System Workloads}",
	organization="{IEEE and ACM}",
	booktitle="{Proceedings of the
		23nd Annual International Symposium on Computer 
		Architecture}",
	year=1996,
	month="{May}",
	pages="12-21")

@inproceedings(Gosden66,
	key="{Gosden}",
	author="Gosden, J. A.",
	title="{Explicit Parallel Processing Description and Control in
		Programs for Multi- and Uni-Processor Computers}",
	organization="{AFIPS}",
	booktitle="{Proceedings of the Fall Joint Computer Conference}",
	year=1966,
	pages="{651-660}")

@article(Gottlieb83,
	key="{Gottlieb}",
	author="{Gottlieb, A. and Grishman, R. and Kruskal, C. P. and
		McAuliffe, K. P. and Rudolph, L. and Snir, M.}",
	title="{The NYU Ultracomputer-Designing an MIMD Shared Memory
		Parallel Computer}",
	journal="{IEEE Transactions on Computers}",
	year=1983,
	month="{February}",
	volume="{C-32}",
	number="{2}",
	pages="{175-189}")

@book(Grogono80,
	key="{Grogono}",
	author="Grogono, Peter",
	title="{Programming in PASCAL}",
	publisher="{Addison-Wesley Publishing Company, Inc.}",
	year="{1980}",
	address="{Reading, Massachusetts}")
	


@article(Gwennap95b,
	key="{Gwennap}",
	author="Gwennap, L.",
	title="{Intel's P6 Uses Decoupled Superscalar Design}",
	journal="{Microprocessor Report}",
	year=1995,
	month="{February 16,}",
	volume="{9}",
	number="{2}",
	pages="{9-15}")

@article(Gwennap95,
	key="{Gwennap}",
	author="Gwennap, L.",
	title="{New Algorithm Improves Branch Prediction}",
	journal="{Microprocessor Report}",
	year=1995,
	month="{March 27,}",
	volume="{9}",
	number="{4}",
	pages="{17-21}")

@article(Gwennap96,
	key="{Gwennap}",
	author="Gwennap, L.",
	title="{Intel's Geography Lesson}",
	journal="{Microprocessor Report}",
	year=1996,
	month="{March 5,}",
	volume="{10}",
	number="{3}",
	pages="{3}")

@article(Gwennap96b,
	key="{Gwennap}",
	author="Gwennap, L.",
	title="{Digital 21264 Sets New Standard}",
	journal="{Microprocessor Report}",
	year=1996,
	month="{October 28,}",
	volume="{10}",
	number="{14}",
	pages="{11-16}")

@inproceedings(Hao94,
	key="{Hao}",
	author="Hao, E. and Chang, P.-Y. and Patt, Y.",
	title="{The Effect of Speculatively Updating Branch History
		  on Branch Prediction Accuracy, Revisited}",
	booktitle="{Proceedings of the 27th International Symposium on 
		Microarchitecture (MICRO-27)}",
	organization="{IEEE and ACM}",
	month="{November/December}",
	pages="228-232",
	year=1994)

@inproceedings(Hitchcock85,
	key="{Hitchcock}",
	author="Hitchcock, C .Y. III and Sprunt, H. M. B.",
	title="{Analyzing Multiple Register Sets}",
	organization="{ACM and IEEE}",
	booktitle="{Proceedings of the 12th Annual Symposium on Computer
		Architecture}",
	pages="{55-63}",
	year=1985,
	month="{June}")

@techreport(Hoevel79,
	key="{Hoevel}",
	author="Hoevel, L. W. and Flynn, M. J.",
	title="{A Theory of Interpretive Architectures: Some Notes on
		DEL Design}",
	institution="{Computer Systems Laboratory, Stanford University}",
	number="{171}",
	year=1979,
	month="{February}")

@unpublished(Hoevel81,
	key="{Hoevel}",
	author="Hoevel, L. W. and Wakefield, S.",
	title="{The HardShuffle Program}",
	note="{Benchmark moving (shuffling) data between two arrays.}")

@inproceedings(Hsu86,
	key="{Hsu}",
	author="Hsu, P. Y. T. and Davidson, E. S.",
	title="{Highly Concurrent Scalar Processing}",
	organization="{ACM and IEEE}",
	booktitle="{Proceedings of the 13th Annual International
		Symposium on Computer Architecture}",
	pages="{386-395}",
	year=1986,
	month="{June}")

@inproceedings(Huang94,
	key="{Huang}",
	author="Huang, A. S. and Slavenburg, G. and Shen, J. P.",
	title="{Speculative Disambiguation: A Compilation Technique for
		Dynamic Memory Disambiguation}",
	organization="{ACM and IEEE}",
	booktitle="{Proceedings of the 21st Annual International
		Symposium on Computer Architecture, Chicago, IL, USA}",
	pages="{200-210}",
	year=1994,
	month="{April}")

@unpublished(Hughes84,
	key="{Hughes}",
	author="Hughes, K. J.",
	title="{Advanced Execution Matrix Design}",
	note="{May 3, 1984 Undergraduate Project report, Department of
		Electrical and Computer Engineering, Carnegie-Mellon
		University, Pittsburgh, PA.}")

@book(Hwang84,
	key="{Hwang}",
	author="Hwang, K. and Briggs, F. A.",
	title="{Computer Architecture and Parallel Processing}",
	publisher="{McGraw-Hill Book Company}",
	year=1984,
	address="{New York, N. Y.}")

@inproceedings(Hwu86,
	key="{Hwu}",
	author="{Hwu, W. and Melvin, S. and Shebanow, M. and Chen, C. and
		Wei, J.	and Patt, Y.}",
	title="{An HPS Implementation of VAX; Initial Design and Analysis}",
	organization="{University of Hawaii, in cooperation with the ACM
		and the IEEE Computer Society}",
	booktitle="{Proceedings of the Nineteenth Annual Hawaii International
		Conference on System Sciences}",
	month="{January}",
	year=1986)

@inproceedings(Hwu86b,
	key="{Hwu}",
	author="Hwu, W. and Patt, Y.",
	title="{HPSm, a High Performance Restricted Data Flow Architecture
		Having Minimal Functionality}",
	organization="{ACM and IEEE}",
	booktitle="{Proceedings of the 13th Annual Symposium on Computer
		Architecture}",
	pages="{297-306}",
	year=1986,
	month="{June}")

@misc(Hwu86c,
	key="{Hwu}",
	author="Hwu, W.",
	note="{Private communication, September 1986}")

@inproceedings(Hwu87,
	key="{Hwu}",
	author="Hwu, W. and Patt, Y.",
	Title="{Out-of-Order Execution Using Checkpoint Repair}",
	organization="{ACM and IEEE}",
	booktitle="{Proceedings of the 14th Annual Symposium on Computer
		Architecture}",
	year=1987,
	month="{June}")
	
@inproceedings(Hwu89,
	key="{Hwu}",
	author="Hwu, W. M. and Conte, T. M. and Chang, P.P.",
	Title="{Comparing Software  and Hardware Schemes for Reducing the
		Cost of Branches}",
	organization="{ACM and IEEE}",
	booktitle="{Proceedings of the 14th Annual Symposium on Computer
		Architecture}",
	year=1989,
	month="{May}",
	pages="{224-233}")
	
@misc(Hwu95,
	key="{Hwu}",
	author="Hwu, W. W. and August, D. I.",
	title="{Predicated Execution Architectures: New Research Results
		and Directions}",
	year="1995",
	month="October",
	note="{Talk given at the First Intel Microprocessor Research
		Forum, Santa Clara, CA, USA.}")
	
@inproceedings(Jacobs88,
	key="{Jacobs}",
	author="Jacobs, J. H. and Uht, A. K. and Ord, R. C.",
	title="{Modelling the Effects of Instruction Queue Loading on a 
		Static Instruction Stream Micro-Architecture}",
	organization="{ACM and IEEE}",
	booktitle="{Proceedings of the 21st Annual Workshop on
		Microprogramming and Microarchitecture (MICRO-21)}",
	year=1988,
	month="{November/December}",
	pages="11-20")

@book(Intel99,
	key="{Intel}",
	author="Intel Corporation",
	title="{IA-64 Application Developer's Architecture Guide}",
	publisher="{Intel Corporation}",
	year=1999,
	month="May",
	address="{Santa Clara, California}",
	note="Order Number: 245188-001, via www.intel.com")

@inproceedings(Jacobsen96,
	key="{Jacobsen}",
	author="Jacobsen, E. and Rotenberg, E. and Smith, J. E.",
	title="{Assigning Confidence to Conditional Branch Prediction}",
	booktitle="{Proceedings of the 29th International Symposium on 
		Microarchitecture (MICRO-29)}",
	organization="{IEEE and ACM}",
	month="{December}",
	pages="{142-152}",
	year=1996)

@inproceedings(Jacobsen97,
	key="{Jacobsen}",
	Author="Jacobsen, Q. and Bennett, S. and Sharma, N. and Smith, J.",
	title="{Control Flow Speculation in Multiscalar Processors}",
	booktitle="{Proceedings of the Third High-Performance
		  Computer Architecture Conference (HPCA-3)}",
	organization="{IEEE}",
	month="{February}",
	pages="{218-229}",
	year=1997)

@inproceedings(Jenevein82,
	key="{Jenevein}",
	author="Jenevein, R. M. and Browne, J. C.",
	title="{A Control Processor for a Reconfigurable Array Computer}",
	organization="{ACM and IEEE}",
	booktitle="{Proceedings of the 9th Annual Symposium on Computer
		Architecture}",
	pages="{81-89}",
	year=1982,
	month="{April}")

@book(Johnson91,
	key="{Johnson}",
	author="Johnson, W. (M.)",
	title="{Superscalar Microprocessor Design}",
	publisher="{P T R Prentice Hall}",
	year="{1991}",
	address="{Englewood Cliffs, NJ}")

@inproceedings(Jouppi89,
	key="{Jouppi}",
	author="Jouppi, N. P. and Wall, D. W.",
	title="{Available Instruction-Level Parallelism for 
		Superscalar and Superpipelined Machines}",
	organization="{ACM and IEEE}",
	booktitle="{Proceedings of the Third International Conference on
		Architectural Support for Programming Languages and
		Operating Systems (ASPLOS-III)}",
	pages="{272-282}",
	year=1989,
	month="{April}")

@phdthesis(Juelich75,
	key="{Juelich}",
	author="Juelich, O.",
	title="{Compilation of Sequential Programs for Parallel Execution}",
	school="{The Ohio State University}",
	year=1975)

@article(Keller75,
	key="{Keller}",
	author="Keller, R. M.",
	title="{Look-Ahead Processors}",
	journal="{ACM Computing Surveys}",
	year="{1975}",
	month="{December}",
	volume=7,
	number=4,
	pages="{177-195}")

@inproceedings(Klauser98,
	key="{Klauser98}",
	author="Klauser, A. and Austin, T. and Grunwald, D.
		and Calder, B.",
	title="{Dynamic Hammock Predication for Non-predicated
		Instruction Set Architectures}",
	booktitle="{Intl. Conf. on Parallel Architectures and
		Compilation Techniques (PACT), Paris, France}",
	organization="{IFIP}",
	month="{October}",
	pages="278-285",
	year=1998)

@article(Knuth71,
	key="{Knuth}",
	author="Knuth, D. E.",
	title="{An Empirical Study of FORTRAN Programs}",
	journal="{Software-Practice and Experience}",
	year=1971,
	volume=1,
	pages="{105-133}")

@unpublished(Kolen87,
	key="{Kolen}",
	author="Kolen, J. F.",
	title="{Characterization of Concurrently Executed Programs}",
	year="{1987}",
	note="{ Undergraduate project report, Dept. of Electrical 
		Engineering and Computer Sciences, University of
		California at San Diego, La Jolla, CA.}")

@article(Krick91,
	key="{Krick}",
	author="Krick, R. F. and Dollas, A.",
	title="{The Evolution of Instruction Sequencing}",
	journal="{COMPUTER}",
	year=1992,
	month="{April}",
	volume=42,
	number=4,
	pages="{5-15}")

@article(Kuck72,
	key="{Kuck}",
	author="Kuck, D. J. and Muraoka, Y. and Chen, S.-C.",
	title="{On the Number of Operations Simultaneously Executable in
		Fortran-Like Programs and Their Resulting Speedup}",
	journal="{IEEE Transactions on Computers}",
	year=1972,
	month="{December}",
	volume="{C-21}",
	number=12,
	pages="{1293-1310}")

@article(Kuck74,
	key="{Kuck}",
	author="Kuck, D. J. and Budnick, P. P. and Chen, S.-C. and
		Lawrie, D. H. and Towle, R. A. and Strebendt, R. E. and
		Davis, Jr., E.W. and Han, J. and Kraska, P. W. and 
		Muraoka, Y.",
	title="{Measurements of Parallelism in Ordinary FORTRAN Programs}",
	journal="{COMPUTER}",
	year=1974,
	month="{January}",
	pages="{37-46}")

@article(Kuck77,
	key="{Kuck}",
	author="Kuck, D. J.",
	title="{A Survey of Parallel Machine Organization and Programming}",
	journal="{ACM Computing Surveys}",
	year=1977,
	month="{March}",
	volume=9,
	number=1,
	pages="{29-59}")

@book(Kuck78,
	key="{Kuck}",
	author="Kuck, D. J.",
	title="{The Structure of Computers and Computations}",
	volume="{1}",
	publisher="{John Wiley and Sons}",
	year="{1978}",
	address="{New York, NY}")

@inproceedings(Kuck80,
	key="{Kuck}",
	author="Kuck, D. J. and Kuhn, R. H. and Leasure, B. and Wolfe, M.",
	title="{The Structure of an Advanced Vectorizer 
		for Pipelined Processors}",
	booktitle="{Proceedings of the Fourth International Computer
		 Software and Applications Conference}",
	organization="{ACM}",
	year="{1980}",
	month="{October}")

@inproceedings(Kuck84,
	key="{Kuck}",
	author="Kuck, D. J., et. al.",
	title="{The Effect of Program Restructuring, Algorithm Change,
		 and Architecture Choice on Program Performance}",
	organization="{Pennsylvania State University and the IEEE
		Computer Society}",
	booktitle="{Proceedings of the 1984 International Conference on 
		Parallel Processing}",
	month="{August}",
	year="{1984}")

@article(Kumar88,
	key="{Kumar}",
	author="Kumar, M.",
	title="{Measuring Parallelism in Computation-Intensive 
		Scientific/Engineering Applications}",
	journal="{IEEE Transactions on Computers}",
	year=1988,
	month="{September}",
	volume="{37}",
	number=9,
	pages="{1088-1098}")

@inproceedings(Lam92,
	key="{Lam}",
	author="Lam, M. S. and Wilson, R. P.",
	title="{Limits of Control Flow on Parallelism}",
	organization="{IEEE and ACM}",
	booktitle="{Proceedings of the
		19th Annual International Symposium on Computer 
		Architecture}",
	year=1992,
	month="{May}",
	pages="{46-57}")

@article(Larus93,
	key="{Larus}",
	author="Larus, J. R.",
	title="{Loop-Level Parallelism in Numeric and Symbolic Programs}",
	journal="{IEEE Transactions on Parallel and Distributed Systems}",
	month="{July}",
	year=1993,
	volume=4,
	number=7,
	pages="{812-826}")

@article(LeeB94,
	key="{LeeB}",
	author="Lee, B. and Hurson, A. R.",
	title="{Dataflow Architectures and Multithreading}",
	journal="{COMPUTER}",
	year=1994,
	month="{August}",
	volume="{27}",
	number=8,
	pages="{27-39}")

@article(Lee85,
	key="{LeeG}",
	author="Lee, G. and Kruskal, C. P. and Kuck, D. J.",
	title="{An Empirical Study of Automatic Restructuring of Nonnumerical
		Programs for Parallel Processors}",
	journal="{IEEE Transactions on Computers}",
	year=1985,
	month="{October}",
	volume="{C-34}",
	number=10,
	pages="{927-933}")

@article(LeeJ84,
	key="{LeeJ}",
	author="Lee, J. K. F. and Smith, A. J.",
	title="{Branch Prediction Strategies and Branch Target Buffer Design}",
	journal="{COMPUTER}",
	volume="{17}",
	number=1,
	year=1984,
	month="{January}",
	pages="{6-22}")

@inproceedings(Leiner57,
	key="{Leiner}",
	author="Leiner, A. L. and Notz, W. A. and
		Smith, J. L. and Weinberger, A.",
	title="{Organizing a Network of Computers to Meet Deadlines}",
	organization="{UNESCO, Washington, D. C.}",
	booktitle="{Proceedings of the Eastern Joint Computer Conference}",
	year=1957,
	month="{December}",
	pages="{115-128}")

@inproceedings(Leiner59,
	key="{Leiner}",
	author="Leiner, A. L., et al",
	title="{Concurrently Operating Computer Systems}",
	organization="{UNESCO}",
	booktitle="{IFIPS Proceedings}",
	year=1959,
	pages="{353-361}")

@article(Lilja88,
	key="{Lilja}",
	author="Lilja, D. J.",
	title="{Reducing the Branch Penalty in Pipelined Processors}",
	journal="{COMPUTER}",
	year=1988,
	month="{July}",
	volume="{21}",
	number="{7}",
	pages="{47-55}")

@inproceedings(Lipasti96,
	key="{Lipasti}",
	author="Lipasti, M. H. and Wilkerson, C. B. and Shen, J. P.",
	title="{Value Locality and Load Value Prediction}",
	organization="{ACM}",
	booktitle="{Proceedings of the
		Seventh Annual International Conference on Architectural
		Support for Programming Languages and 
		Operating Systems (ASPLOS-VII)}",
	year=1996,
	month="{October}",
	pages="138-147")

@inproceedings(Lipasti96b,
	key="{Lipasti96b}",
	author="Lipasti, M. and Shen, J.",
	title="{Exceeding the Data Flow Limit via Value Prediction}",
	booktitle="{Proceedings of the 29th International Symposium on 
		Microarchitecture (MICRO-29)}",
	organization="{IEEE and ACM}",
	month="{December}",
	pages="226-237",
	year=1996)

@article(Lowney93,
	key="{Lowney}",
	author="Lowney, P. G. and Freudenberger, S. M. and Karzes, T. J.
		and Lichtenstein, W. D. and Nix, R. P. and O'Donnell, J. S.
		and Ruttenburg, J. C.",
	title="{The Multiflow Trace Scheduling Compiler}",
	journal="{The Journal of Supercomputing}",
	volume="{7}",
	number="1/2",
	year=1993,
	pages="{51-142}")

@inproceedings(Magid81,
	key="{Magid}",
	author="Magid, N. and Tjaden, G. and Messinger, H.",
	title="{Exploitation of Concurrency by Virtual Elimination of
		Branch Instructions}",
	organization="{Ohio State University and the IEEE Computer Society}",
	booktitle="{Proceedings of the 1981 International Conference on
		Parallel Processing}",
	year=1981,
	month="{August}",
	pages="{164-165}")

@inproceedings(Mahlke95,
	key="{Mahlke}",
	author="Mahlke, S. A. and Hank, R. E. and McCormick,
		J. E. and August, D. I. and Hwu, W. W.",
	title="{A Comparison of Full and Partial Predicated Execution
		Support for ILP Processors}",
	organization="{IEEE and ACM}",
	booktitle="{Proceedings of the
		22nd Annual International Symposium on Computer 
		Architecture}",
	year=1995,
	month="{May}",
	pages="{138-149}")

@article(Marimont59,
	key="{Marimont}",
	author="Marimont, R. B.",
	title="{A New Method of Checking the Consistency of Precedence
		Matrices}",
	journal="{Journal of the ACM}",
	year=1959,
	month="{April}",
	volume=6,
	number=2,
	pages="{164-171}")	

@inproceedings(McFarling86,
	key="{McFarling}",
	author="McFarling, S. and Hennessy, J.",
	title="{Reducing the Cost of Branches}",
	organization="{ACM and IEEE}",
	booktitle="{Proceedings of the 13th Annual Symposium on Computer
		Architecture}",
	pages="{396-403}",
	year=1986,
	month="{June}")

@techreport(McFarling93,
	key="{McFarling}",
	author="McFarling, S.",
	title="{Combining Branch Predictors}",
	institution="{Digital Western Research Laboratory, Palo Alto, 
		California}",
	year=1993,
	Month="{June}",
	number="TN-36",
	type="WRL Technical Note")


@article(McLellan93,
	key="{McLellan}",
	author="McLellan, E.",
	title="{The Alpha AXP Architecture and 21064 Processor}",
	journal="{MICRO}",
	volume="{13}",
	number="{3}",
	month="{June}",
	year="{1993}",
	pages="{36-47}")

@inproceedings(Melvin91,
	key="{Melvin}",
	author="Melvin, S. and Patt, Y.",
	title="{Exploiting Fine-Grained Parallelism Through a Combination
		of Hardware and Software Techniques}",
	organization="{IEEE and ACM}",
	booktitle="{Proceedings of the
		18th Annual International Symposium on Computer 
		Architecture, Toronto, Canada}",
	year=1991,
	month="{May}",
	pages="{287-296}")

@inproceedings(Moon92,
	key="{Moon}",
	author="Moon, S.-M. and Ebcio\u{g}lu, K.",
	title="{An Efficient Resource-Constrained Global Scheduling
		Technique for Superscalar and VLIW Processors}",
	booktitle="{Proceedings of the Twenty-Fifth International Symposium
		on Microarchitecture (MICRO-25)}",
	organization="{ACM and IEEE}",
	month="{December}",
	year=1992,
	pages="{55-70}")

@inproceedings(Moudgill93,
	key="{Moudgill}",
	author="Moudgill, M. and Pingali, K. and Vassiliadis, S.",
	title="{Register Renaming and Dynamic Speculation: an
		Alternative Approach}",
	organization="{IEEE and ACM}",
	booktitle="{Proceedings of the Twenty Sixth Annual International
		Symposium on Microarchitecture (MICRO-26)}",
	month="{December}",
	year=1993,
	pages="{202-213}")

@inproceedings(Murakami89,
	key="{Murakami}",
	author="Murakami, K. and Irie, N. and Kuga, M. and Tomita, S.",
	title="{SIMP (Single Instruction stream/Multiple instruction 
		Pipelining): A Novel High-Speed Single-Processor Architecture}",
	organization="{IEEE and ACM}",
	booktitle="{Proceedings of the
		16th Annual International Symposium on Computer 
		Architecture, Jerusalem, Israel}",
	year=1989,
	month="{May/June}",
	pages="{78-85}")

@article(Nair95,
	key="{Nair95}",
	author="Nair, R.",
	title="{Optimal 2-Bit Branch Predictors}",
	journal="{IEEE Transactions on Computers}",
	month="{May}",
	volume="{44}",
	number="{5}",
	year=1995,
	pages="{698-702}")

@misc(NEC,
	key="{NEC}",
	title="{NEC Develops Non-Von Model}",
	note="{Electrical Engineering Times - November, 1983.}")

@article(Neves81,
	key="{Neves}",
	author="Neves, F. and Uht, A. K.",
	title="{Memory Error Correction without ECC}",
	journal="{IBM Technical Disclosure Bulletin}",
	volume="{24(7A)}",
	pages="{3471}",
	month="{December}",
	year=1981)

@article(Nicolau84,
	key="{Nicolau}",
	author="Nicolau, A. and Fisher, J. A.",
	title="{Measuring the Parallelism Available for Very Long
		Instruction Word Architectures}",
	journal="{IEEE Transactions on Computers}",
	year=1984,
	month="{November}",
	volume="{C-33}",
	number=11,
	pages="{968-976}")

@article(Padua86,
	key="{Padua}",
	author="Padua, D. A. and Wolfe, M. J.",
	title="{Advanced Compiler Optimizations for Supercomputers}",
	journal="{Communications of the ACM}",
	month="{December}",
	year=1986,
	volume=29,
	number=12,
	pages="{1184-1201}")

@inproceedings(Pan92,
	key="{Pan}",
	author="Pan, S.-T. and So, K. and Rahmeh, J. T.",
	title="{Improving the Accuracy of Dynamic Branch Prediction
		Using Branch Correlation}",
	organization="{ACM and IEEE}",
	booktitle="{Proceedings of the
		Fifth International Conference on Architectural
		Support for Programming Languages and Operating Systems
		(ASPLOS-V), Boston, Mass.}",
	year=1992,
	Month="{October}",
	pages="{76-84}")

@article(Papworth96,
	key="{Papworth}",
	author="Papworth, D. B.",
	title="{Tuning the Pentium Pro Microarchitecture}",
	journal="{MICRO}",
	volume="{16}",
	number=2,
	year=1996,
	month="{April}",
	pages="{8-15}")

@inproceedings(Patt85,
	key="{Patt}",
	author="Patt, Y. and Hwu, W. and Shebanow, M.",
	title="{HPS, a New Microarchitecture: Rationale and Introduction}",
	organization="{ACM}",
	booktitle="{Proceedings of the Eighteenth Annual
                Workshop on Microprogramming (MICRO-18)}",
	pages="{103-108}",
	year=1985,
	month="{December}")

@article(Patterson82,
	key="{Patterson}",
	author="Patterson, D. A. and Sequin, C. H.",
	title="{A VLSI RISC}",
	journal="{COMPUTER}",
	volume="{15}",
	number=9,
	year=1982,
	month="{September}",
	pages="{8-21}")

@book(Patterson90,
	key="{Patterson}",
	author="Patterson, D. A. and Hennessy, J. L.",
	title="{Computer Architecture: A Quantitative Approach}",
	publisher="{Morgan Kaufman Publishers, Inc.}",
	address="{San Mateo, California}",
	year=1990)

@book(Patterson95,
	key="{Patterson}",
	author="Patterson, D. A. and Hennessy, J. L.",
	title="{Computer Architecture: A Quantitative Approach}",
	publisher="{Morgan Kaufman Publishers, Inc.}",
	address="{San Mateo, California}",
	year=1995,
	edition=2)

@inproceedings(Perron86,
	key="{Perron}",
	author="Perron, R. and Mundie, C.",
	title="{The Architecture of the Alliant FX/8 Computer}",
	organization="{IEEE}",
	booktitle="{Proceedings of COMPCON 86}",
	year=1986,
	pages="{390-393}",
	month="{March}")

@inproceedings(Pfister85,
	key="{Pfister}",
	author="Pfister, G. F. and Brantley, W. C. and George, D. A. and
		Harvey, S. L. and Kleinfelder, W. J. and McAuliffe, K. P.
		Melton, E. A. and Norton, V. A. and Weiss, J.",
	title="{The IBM Research Parallel Processor Prototype (RP3):
		Introduction and Architecture}",
	organization="{Penn State University and the IEEE Computer Society}",
	booktitle="{Proceedings of the International Conference on Parallel
		Processing}",
	year=1985,
	month="{August}")

@article(Popescu91,
	key="{Popescu}",
	author="Popescu, V. and Schultz, M. and Spracklen, J. and Gibson, G.
		and Lightner, B. and Isaman, D.",
	title="{The Metaflow Architecture}",
	journal="{MICRO}",
	volume=11,
	number=3,
	month="{June}",
	year=1991)

@inproceedings(Prosser59,
	key="{Prosser}",
	author="Prosser, R. T.",
	Title="{Applications of Boolean Matrices to the Analysis of Flow
		Diagrams}",
	organization="{UNESCO, Washington, D. C.}",
	booktitle="{Proceedings of the Eastern Joint Computer Conference}",
	year=1959,
	pages="{133-138}")

@phdthesis(Polychronopoulos86,
	key="{Polychronopoulos}",
	author="Polychronopoulos, C. D.",
	title="{On Program Restructuring, Scheduling, and 
		Communication for Parallel Processor Systems}",
	school="{University of Illinois at Urbana-Champaign}",
	note="{Available as Center for Supercomputing Research and 
		Development Tech. Report CSRD No. 595.}",
	month="{August}",
	year="{1986}")

@article(Polychronopoulos87,
	key="{Polychronopoulos}",
	author="Polychronopoulos, C. D. and Banerjee, U.",
	title="{Processor Allocation for Horizontal and Vertical
		Parallelism and Related Speedup Bounds}",
	year="{1987}",
	month="{April}",
	journal="{IEEE Transactions on Computers}",
	note="{Special Issue on Parallel and Distributed Processing.}")

@article(Polychronopoulos87b,
	key="{Polychronopoulos}",
	author="Polychronopoulos, C. D. and Kuck, D. J.",
	title="{Guided Self-Scheduling: A Practical Scheduling Scheme
		for Parallel Supercomputers}",
	journal="{IEEE Transactions on Computers}",
	note="{Special Issue on Supercomputing}",
	month="{December}",
	year="{1987}")

@article(Polychronopoulos87c,
	key="{Polychronopoloulos}",
	author="Polychronopoulos, C. D. and Kuck, D. J. and Padua, D. A.",
	title="{Utilizing Multidimensional Loop Parallelism on 
		Large-Scale Parallel Processor Systems}",
	journal="{IEEE Transactions on Computers}",
	note="{Accepted for publication as of September 1987.}",
	year="{publication date unknown}")

@article(Rau89,
	key="{Rau}",
	author="Rau, B. R. and Yen, D. W. L. and Yen, W. and Towle, R. A.",
	title="{The Cydra 5 Departmental Supercomputer}",
	journal="{COMPUTER}",
	volume=22,
	number=1,
	year=1989,
	month="{January}",
	pages="{12-35}")

@inproceedings(Rau93,
	key="{Rau}",
	author="Rau, B. R.",
	title="{Dynamically Scheduled VLIW Processors}",
	organization="{IEEE and ACM}",
	booktitle="{Proceedings of the Twenty Sixth Annual International
		Symposium on Microarchitecture (MICRO-26)}",
	month="{December}",
	year=1993,
	pages="{80-92}")

@misc(Rau94,
	key="{Rau}",
	author="Rau, B. R.",
	title="{VLIW: General Purpose Microprocessor of the Next Decade}",
	year="{1994}",
	month="{October}",
	note="{Abstract of talk presented at the 1994 Microprocessor Forum,
		sponsored by MicroDesign Resources.}")

@inproceedings(Rauchwerger93,
	key="{Rauchwerger}",
	author="Rauchwerger, L. and Dubey, P. K. and Nair, R.",
	title="{Measuring Limits of Parallelism and Characterizing its
		Vulnerability to Resource Constraints}",
	organization="{IEEE and ACM}",
	booktitle="{Proceedings of the Twenty Sixth Annual International
		Symposium on Microarchitecture (MICRO-26)}",
	month="{December}",
	year=1993,
	pages="{105-117}")

@article(Requa83,
	key="{Requa}",
	author="Requa, J. E. and McGraw, J. R.",
	title="{The Piecewise Data Flow Architecture: Architectural Concepts}",
	journal="{IEEE Transactions on Computers}",
	year=1983,
	month="{May}",
	pages="{425-438}",
	volume="{C-32}",
	number=5)

@article(Riganati84,
	key="{Riganati}",
	author="Riganati, J. P. and Schneck, P. B.",
	title="{Supercomputing}",
	journal="{COMPUTER}",
	volume="{17}",
	number=10,
	year=1984,
	month="{October}",
	pages="{97-113}")

@article(Riseman72,
	key="{Riseman}",
	author="Riseman, E. M. and Foster, C. C.",
	title="{The Inhibition of Potential Parallelism by Conditional Jumps}",
	journal="{IEEE Transactions on Computers}",
	year=1972,
	month="{December}",
	volume="{C-21}",
	number=12,
	pages="{1405-1411}")

@phdthesis(Rodriguez67,
	key="{Rodriguez}",
	author="Rodriguez, J. E.",
	title="{A Graph Model for Parallel Computations}",
	school="{Massachusetts Institute of Technology,
		Department of Electrical Engineering, Cambridge, MA}",
	year=1967,
	month="{September}")

@inproceedings(Rudolph72,
	key="{Rudolph}",
	author="Rudolph, J. A.",
	title="{A Production Implementation of an Associative
		Processor - STARAN}",
	organization="{AFIPS}",
	booktitle="{Proceedings of the Fall Joint Computer Conference}",
	year=1972,
	pages="{229-241}")


@inproceedings(Sazeides96,
	key="{Sazeides96}",
	author="Sazeides, Y. and Vassiliadis, S. and Smith, J. E.",
	title="{The Performance Potential of Data Dependence Speculation
		\& Collapsing}",
	booktitle="{Proceedings of the 29th International Symposium on 
		Microarchitecture (MICRO-29)}",
	organization="{IEEE and ACM}",
	month="{December}",
	pages="238-247",
	year=1996)

@article(Schuette93,
	key="{Schuette}",
	author="Schuette, M. A. and Shen, J. P.",
	title="{Instruction-Level Experimental Evaluation of the Multiflow
		TRACE 14/300 VLIW Computer}",
	journal="{The Journal of Supercomputing}",
	volume="{7}",
	number="1/2",
	year=1993,
	pages="{249-271}")

@article(Schwiegelshohn91,
	key="{Schwiegelshohn}",
	author="Schwiegelshohn, U. and Gasperoni, F. and Ebcio\u{g}lu, K.",
	title="{On Optimal Parallelization of Arbitrary Loops}",
	journal="{Academic Press, Inc. Journal of Parallel and Distributed
		Computing}",
	volume=11,
	year="{1991}",
	pages="{130-134}",
	month="{}")

@inproceedings(Sechrest95,
	key="{Sechrest95}",
	author="Sechrest, S. and Lee, C.-C. and Mudge, T.",
	title="{The Role of Adaptivity in Two-Level Adaptive
		Branch Prediction}",
	booktitle="{Proceedings of the 28th International Symposium on 
		Microarchitecture (MICRO-28)}",
	organization="{IEEE and ACM}",
	month="{November/December}",
	pages="264-269",
	year=1995)
		  
@inproceedings(Sechrest96,
	key="{Sechrest}",
	author="Sechrest, S. and Lee, C-C. and Mudge, T.",
	title="{Correlation and Aliasing in Dynamic Branch Predictors}",
	organization="{IEEE and ACM}",
	booktitle="{Proceedings of the
		23nd Annual International Symposium on Computer 
		Architecture}",
	year=1996,
	month="{May}",
	pages="22-32")

@techreport(Sharma96,
	key="{Sharma}",
	author="Sharma, A. and Nguyen, A.-T. and Torrellas, J. and
		  Maged, M. and  Carbajal, J.",
	title="{Augmint - A Multiprocessor Simulation Environment 
		  for Intel x86 architectures}",
	institution="{Center for Supercomputing Research and Development,
		University of Illinois, Urbana-Champaign}",
	year=1996,
	Month="{February}",
	number="1463",
	type="CSRD Technical Report")

@phdthesis(Slutz68,
	key="{Slutz}",
	author="Slutz, D. R.",
	title="{The Flow Graph Schemata Model of Parallel Computation}",
	school="{Massachusetts Institute of Technology, Cambridge, MA}",
	year=1968,
	month="{September}",
	note="{Also exists as report number: MAC-TR-51.}")

@inproceedings(Smith81,
	key="{Smith}",
	author="Smith, J. E.",
	title="{A Study of Branch Prediction Strategies}",
	organization="{IEEE and ACM}",
	booktitle="{Proceedings of the 8th Annual Symposium on Computer
		Architecture}",
	pages="{135-148}",
	year=1981)

@inproceedings(Smith82,
	key="{Smith}",
	Author="Smith, J. E.",
	title="{Decoupled Access/Execute Computer Architectures}",
	organization="{ACM and IEEE}",
	booktitle="{Proceedings of the 9th Annual Symposium on Computer
		Architecture}",
	pages="{112-119}",
	year=1982,
	month="{April}")

@inproceedings(Smith85,
	key="{Smith}",
	author="Smith, J. E. and Pleszkun, A. R.",
	title="{Implementation of Precise Interrupts in Pipelined Processors}",
	organization="{ACM and IEEE}",
	booktitle="{Proceedings of the 12th Annual Symposium on Computer
		Architecture, Boston, MA, USA}",
	pages="{36-44}",
	year=1985,
	month="{June}")

@article(Smith89,
	key="{Smith}",
	author="Smith, J. E.",
	title="{Dynamic Instruction Scheduling and the Astronautics ZS-1}",
	journal="{COMPUTER}",
	volume="{22}",
	number="{7}",
	month="{July}",
	year="{1989}",
	pages="{21-35}")

@inproceedings(Smith90,
	key="{Smith}",
	author="Smith, M. D. and Lam, M. S. and Horowitz, M. A.",
	title="{Boosting Beyond Static Scheduling in a Superscalar Processor}",
	booktitle="{Proceedings of the 17th Annual International
		Symposium on Computer Architecture}",
	organization="{IEEE and ACM}",
	year="{1990}",
	month="{May}",
	pages="{344-354}")

@inproceedings(Sohi95,
	key="{Sohi}",
	author="Sohi, G. S. and Breach, S. and Vijaykumar, T. N.",
	title="{Multiscalar Processors}",
	organization="{IEEE and ACM}",
	booktitle="{Proceedings of the
		22nd Annual International Symposium on Computer 
		Architecture}",
	year=1995,
	month="{June}")

@misc(Sohi96,
	key="{Sohi}",
	author="Sohi, G. S.",
	year=1996,
	month="{April 2,}",
	note="Personal communication")

@mastersthesis(Somanathan95,
	key="{Somanathan}",
	author="Somanathan, S.",
	title="{Performance Enhancement of a Concurrent Processor}",
	school="{University of Rhode Island}",
	month="{May}",
	year=1995)

@misc(Somanathan95b,
	key="{Somanathan}",
	author="Somanathan, S. and Uht, A. K.",
	title="{Source Cache - An Architectural Support for Multiple
		Execution Units}",
	month="{June}",
	year=1995,
	note="Paper submitted to Micro-28.")

@inproceedings(Spertus93,
	key="{Spertus}",
	Author="Spertus, E. and Goldstein, S. C. and Schauser, K. E. and
		von Eicken, T. and Culler, D. E. and Dally, W. J.",
	title="{Evaluation of Mechanisms for Fine-Grained Parallel Programs
		in the J-Machine and the CM-5}",
	organization="{ACM and IEEE}",
	booktitle="{Proceedings of the 20th Annual Symposium on Computer
		Architecture, San Diego, Calif., USA}",
	pages="{302-313}",
	year=1993,
	month="{May}")

@inproceedings(Srinivas94,
	key="{Srinivas}",
	author="Srinivas, M. and Nicolau, A. and Allan, V. H.",
	title="{An Approach to Combine Predicated/Speculative Execution for
		Programs with Unpredictable Branches}",
	organization="{IFIP}",
	booktitle="{Proceedings of the International Conference on
		Parallel Architectures and Compilation Techniques (PACT94)}",
	year=1994,
	publisher="North-Holland",
	month="{May}")

@inproceedings(Su87,
	key="{Su}",
	author="Su, B. and Ding, S. and Wang, J. and Xia, J.",
	title="{GURPR - A Method for Global Software Pipelining}",
	organization="{Association of Computing Machinery}",
	booktitle="{Proceedings of the Twentieth Annual Workshop on
		Microprogramming (MICRO-20)}",
	month="{December}",
	pages="{88-96}",
	year="{1987}")

@inproceedings(Talcott94,
	key="{Talcott}",
	Author="Talcott, A. R. and Yamamoto, W. and Serrano, M. J. and
		Wood, R. C. and Nemirovsky, M.",
	title="{The Impact of Unresolved Branches on Branch Prediction
		Scheme Performance}",
	organization="{ACM and IEEE}",
	booktitle="{Proceedings of the 21st Annual International
		Symposium on Computer Architecture}",
	pages="{12-21}",
	year=1994,
	month="{April}")

@inproceedings(Tang93,
	key="{Tang}",
	author="Tang, Z. and Chen, G. and Zhang, C. and Zhang, Y. and
		Su, B. and Habib, S.",
	title="{GPMB-Software Pipelining Branch-Intensive Loops}",
	organization="{IEEE and ACM}",
	booktitle="{Proceedings of the Twenty Sixth Annual International
		Symposium on Microarchitecture (MICRO-26)}",
	month="{December}",
	year=1993,
	pages="{21-29}")

@inproceedings(Theobald92,
	key="{Theobald}",
	author="Theobald, K. B. and Gao, G. R. and Hendren, L. J.",
	title="{On the Limits of Program Parallelism and its Smoothability}",
	organization="{IEEE and ACM}",
	booktitle="{Proceedings of the Twenty Fifth Annual International
		Symposium on Microarchitecture (MICRO-25)}",
	month="{December}",
	year=1992,
	pages="{10-19}")

@inproceedings(Theobald93,
	key="{Theobald}",
	author="Theobald, K. B. and Gao, G. R. and Hendren, L. J.",
	title="{Speculative Execution and Branch Prediction on Parallel Machines}",
	organization="{ACM and IEEE}",
	booktitle="{Proceedings of the 7th International Conference on
	        Supercomputing, Tokyo, Japan}",
	month="{July}",
	year=1993,
	pages="{77-86}")

@inproceedings(Thornton64,
	key="{Thornton}",
	author="Thornton, J. E.",
	title="{Parallel Operation in the Control Data 6600}",
	organization="{AFIPS}",
	booktitle="{Proceedings of the Fall Joint Computer Conference}",
	year=1964,
	pages="{33-40}")

@techreport(Tighe85,
	key="{Tighe}",
	author="Tighe, S.",
	title="{A Study of the Parallelism Inherent in Combinator Reduction}",
	institution="{MCC}",
	number="{PP-140-85}",
	month="{November}",
	year=1985)

@techreport(Tighe86,
	key="{Tighe}",
	author="Tighe, S.",
	title="{Strictness Analysis Report}",
	institution="{MCC}",
	number="{PP-193-86}",
	month="{August}",
	year=1986)

@article(Tjaden70,
	key="{Tjaden}",
	author="Tjaden, G. S. and Flynn, M. J.",
	title="{Detection and Parallel Execution of Independant Instructions}",
	journal="{IEEE Transactions on Computers}",
	year=1970,
	month="{October}",
	volume="{C-19}",
	number=10,
	pages="{889-895}")

@phdthesis(Tjaden72,
	key="{Tjaden}",
	author="Tjaden, G. S.",
	title="{Representation and Detection of Concurrency Using
		Ordering Matrices}",
	school="{The Johns Hopkins University}",
	year=1972)

@article(Tjaden73,
	key="{Tjaden}",
	author="Tjaden, G. S. and Flynn, M. J.",
	title="{Representation of Concurrency with Ordering Matrices}",
	journal="{IEEE Transactions on Computers}",
	year=1973,
	month="{August}",
	volume="{C-22}",
	number=8,
	pages="{752-761}")

@article(Tomasulo67,
	key="{Tomasulo}",
	author="Tomasulo, R. M.",
	title="{An Efficient Algorithm for Exploiting Multiple
		Arithmetic Units}",
	journal="{IBM Journal of Research and Development}",
	year=1967,
	month="{January}",
	volume="{11}",
	number=1,
	pages="{25-33}")

@inproceedings(Tomita83,
	key="{Tomita}",
	author="{Tomita, S. and Shibayama, K. and Kitamura, T. and
		Nakata, T. and Hagiwara, H.}",
	title="{A User-Microprogrammable, Local Host Computer with Low-Level
		Parallelism}",
	organization="{IEEE Computer Society and the Association for Computing
		Machinery}",
	booktitle="{Proceedings of the 10th Annual International Symposium on
		Computer Architecture}",
	year=1983,
	month="{June}",
	pages="{151-157}")

@techreport(Torng83,
	key="{Torng}",
	author="Torng, H. C.",
	title="{Arithmetic Engines in the VLSI Environment}",
	institution="{School of Electrical Engineering, Cornell University,
		Ithaca, NY}",
	number="{EE-CEG-83-3}",
	year=1983,
	month="{July}")

@techreport(Torng84,
	key="{Torng}",
	author="Torng, H. C.",
	title="{An Instruction Issuing Mechanism for Performance Enhancement}",
	institution="{School of Electrical Engineering, Cornell University,
		Ithaca, NY}",
	number="{EE-CEG-84-1}",
	year=1984,
	month="{February}")

@techreport(Torng84b,
	key="{Torng}",
	author="Torng, H. C. and Acosta, R. D. and Kjelstrup, J.",
	title="{An Instruction Issuing Approach to Enhancing Performance
		in Multiple Functional Unit Processors}",
	institution="{School of Electrical Engineering, Cornell University,
		Ithaca, NY}",
	number="{EE-CEG-84-7}",
	year=1984,
	month="{December}")

@article(Torng93,
	key="{Torng}",
	author="Torng, H. C. and Day, M.",
	title="{Interrupt Handling for Out-of-Order Execution Processors}",
	journal="{IEEE Transactions on Computers}",
	volume="{42}",
	number="{1}",
	month="{January}",
	year="{1993}",
	pages="{122-127}")

@book(Torng95,
	key="{Torng}",
	author="Torng, H. C. and  Vassiliadis, {Eds.}, S.",
	title="{Instruction-Level
		 Parallel Processors}",
	publisher="{IEEE Computer Society Press}",
	address="{Los Alamitos, California}",
	year=1995)

@unpublished(Uht84pd,
	key="{Uht}",
	author="Uht, A. K. and Hughes, K. J.",
	title="{Invention Disclosure: An Improved Concurrent Computer}",
	note="{November 15, 1984; currently being processed for protection
		by representatives of Carnegie-Mellon University,
		Pittsburgh, PA.}")

@comment{
@misc(Uht85d,
	key="{Uht85d}",
	author="Uht, A. K. and Hughes, K.",
	title="{Improved Concurrent Computer}",
	note="{U.S. patent application pending, filed 12/85.}")
}

@unpublished(Uht85a,
	key="{Uht}",
	author="Uht, A. K.",
	title="{Exploitation of Low-Level Concurrency: an Implementation
		and Architecture}",
	month="{February}",
	year=1985,
	note="{Ph.D.
		Thesis Prospectus. Department
                of Electrical and Computer Engineering, Carnegie-Mellon
		University. Also available as Tech. Report
		No. CMUCAD-85-52, SRC-CMU Center for Computer-Aided Design,
		Department of Electrical and Computer Engineering,
		Carnegie-Mellon University (May).}")


@techreport(Uht85b,
	key="{Uht85b}",
	author="Uht, A. K.",
	title="{Exploitation of Low-Level Concurrency: an Implementation
		and Architecture}",
	institution="{SRC-CMU Center for Computer-Aided Design,
		Department of Electrical and Computer Engineering,
		Carnegie-Mellon University}",
	number="{CMUCAD-85-52}",
	year=1985,
	month="{May}")

@phdthesis(Uht85c,
	key="{Uht85c}",
	Author="Uht, A. K.",
	title="{Hardware Extraction of Low-Level Concurrency from Sequential
		Instruction Streams}",
	school="{Carnegie-Mellon University}",
	month="{December}",
	year=1985,
	note="{Available from University Microfilms International, Ann Arbor,
		Michigan, U.S.A.}")

@inproceedings(Uht86,
	key="{Uht86}",
	Author="Uht, A. K.",
	title="{An Efficient Hardware Algorithm to Extract Concurrency From
		General-Purpose Code}",
	organization="{University of Hawaii, in cooperation with the ACM
		and the IEEE Computer Society}",
	booktitle="{Proceedings of the Nineteenth Annual Hawaii International
		Conference on System Sciences}",
	month="{January}",
	year=1986)


@inproceedings(Uht86b,
	key="{Uht86b}",
	author="Uht, A. K. and Wedig, R. G.",
	title="{Hardware Extraction of Low-level Concurrency from
		Serial Instruction Streams}",
	organization="{IEEE Computer Society and the Association for Computing
		Machinery}",
	booktitle="{Proceedings of the International Conference on Parallel
		Processing}",
	year=1986,
	month="{August}",
	pages="{729-736}")

@misc(Uht870,
	key="{Uht87}",
	author="Uht, A. K.",
	title="{Extraction of Low-Level Concurrency from Serial
		Instruction Streams}",
	note="{U.S. patent application pending, filed 1/87.
		This patent covers a hardware mechanism to execute
		typical imperative code in a cuncurrent fashion,
		improving performance. The mechanism realizes reduced
		branch dependencies, reduced data dependencies, and
		a limited form of eager evaluation.}")

@inproceedings(Uht87,
	key="{Uht87a}",
	author="Uht, A. K.",
	title="{Incremental Performance Contributions of Hardware
		Concurrency Extraction Techniques}",
	organization="{Computer Technology Institute, Greece, in cooperation
		with the Association for Computing Machinery, IFIP, et al}",
	booktitle="{Proceedings of the International Conference on
		Supercomputing, Athens, Greece}",
	year=1987,
	month="{June}",
	note="{Springer-Verlag Lecture Note Series}")

@inproceedings(Uht87b,
	key="{Uht87c}",
	author="Uht, A. K. and Polychronopoulos, C. D. and Kolen, J. F.",
	title="{On the Combination of Hardware and Software Concurrency
		Extraction Methods}",
	organization="{Association of Computing Machinery}",
	booktitle="{Proceedings of the Twentieth Annual Workshop on
		Microprogramming (MICRO-20)}",
	month="{December}",
	year="{1987}",
	pages="133-141")


@techreport(Uht87c,
	key="{Uht87b}",
	author="Uht, A. K.",
	title="{Hierarchical Computation Server:
		Goals, Architecture, and Issues}",
	institution="{Department of Computer Science and Engineering,
		University of California, San Diego}",
	number="{CS88-119}",
	year=1987,
	month="{November}")

@comment{
@techreport(Uht88,
	key="{Uht88}",
	author="Uht, A. K.",
	title="{Requirements for Optimal Execution of Loops with Tests}",
	institution="{Department of Computer Science and Engineering,
		University of California, San Diego}",
	number="{CS88-116}",
	year=1988,
	month="{February}",
	note="{Submitted for publication.}")
}

@inproceedings(Uht88b,
	key="{Uht88b}",
	author="Uht, A. K.",
	title="{Requirements for Optimal Execution of Loops with Tests}",
	organization="{Association for Computing Machinery}",
	booktitle="{Proceedings of the International Conference on
		Supercomputing, St. Malo, France}",
	year=1988,
	month="{July 4-8}")

@techreport(Uht89h,
	key="{Uht89ab}",
	author="Uht, A. K.",
	title="{Concurrency Extraction via Hardware Methods
		Executing the Static Instruction Stream
		- an extended paper}",
	institution="{Department of Computer Science and Engineering,
		University of California, San Diego}",
	number="{CS89-144}",
	year=1989,
	month="{January}")

@inproceedings(Uht90,
	key="{Uht90}",
	author="Uht, A. K.",
	title="{Desirable Code Transformations for a Concurrent Machine}",
	chapter=25,
	booktitle="{Languages and
		Compilers for Parallel Computing}",
	publisher="{The MIT Press}",
	series="{Research Monographs in Parallel and Distributed
		Computing}",
	year=1990)


@techreport(Uht90d,
	key="{Uht90b}",
	author="Uht, A. K.",
	title="{Notes on a Theory of Minimal Procedural Dependencies}",
	institution="{Department of Computer Science and Engineering,
		University of California, San Diego}",
	number="{CS90-165}",
	year=1990,
	month="{February}")


@techreport(Uht90e,
	key="{Uht90d}",
	author="Uht, A. K. and Wang, S. S.",
	title="{Understanding Eager Evaluation
		of Imperative Instruction Streams, Part 1}",
	institution="{Department of Computer Science and Engineering,
		University of California, San Diego}",
	number="{CS90-171}",
	year=1990,
	month="{May}")

@article(Uht91,
	key="{Uht91}",
	author="Uht, A. K.",
	title="{A Theory of Reduced and Minimal Procedural Dependencies}",
	journal="{IEEE Transactions on Computers}",
	month="{June}",
	volume="{40}",
	number="{6}",
	year=1991,
	pages="{681-692}")

@article(Uht92,
	key="{Uht92}",
	author="Uht, A. K.",
	Title="{Concurrency Extraction via Hardware Methods
		Executing the Static Instruction Stream}",
	journal="{IEEE Transactions on Computers}",
	year=1992,
	month="{July}",
	volume="{41}",
	number="{7}",
	pages="{826-841}")

@techreport(Uht92b,
	key="{Uht92b}",
	author="Uht, A. K. and Johnson, D. B.",
	title="{Data Path Issues in a Highly Concurrent Machine}",
	institution="{Department of Computer Science and Engineering,
		University of California, San Diego}",
	number="{CS92-262}",
	year=1992,
	month="{September}")

@article(Uht92c,
	key="{Uht92c}",
	author="Uht, A. K.",
	title="{Requirements for Optimal Execution of Loops with Tests}",
	journal="{IEEE Transactions on Parallel and Distributed Systems}",
	year=1992,
	month="{September}",
	volume=3,
	number=5,
	pages="{573-581}")

@inproceedings(Uht92d,
	key="{Uht92d}",
	author="Uht, A. K. and Johnson, D. B.",
	title="{Data Path Issues in a Highly Concurrent Machine}",
	booktitle="{Proceedings of the Twenty-Fifth International Symposium
		on Microarchitecture (MICRO-25)}",
	organization="{ACM and IEEE}",
	month="{December}",
	year=1992,
	pages="{115-118}")

@inproceedings(Uht92cd,
	key="{Uht92cd}",
	author="Uht, A. K. and Johnson, D. B.",
	title="{Data Path Issues in a Highly Concurrent Machine}",
	booktitle="{Proceedings of the 19th International Symposium
		on Computer Architecture}",
	organization="{ACM and IEEE}",
	month="{May}",
	year=1992,
	pages="{431}",
	note="{Abstract. Poster presented at conference.}")

@techreport(Uht92e,
	key="{Uht92e}",
	author="Uht, A. K.",
	title="{Extraction of Massive Instruction Stream Parallelism}",
	institution="{Department of Electrical Engineering,
		University of Rhode Island, Kingston, RI 02881}",
	number="{1292-0001}",
	year=1992,
	month="{December}")

@article(Uht93,
	key="{Uht93}",
	author="Uht, A. K.",
	title="{Extraction of Massive Instruction Level Parallelism}",
	journal="{ACM SIGARCH Computer Architecture News}",
	number="{2 and 3}",
	year=1993,
	volume=21,
	month="{March and June}")

@misc(Uht93b,
	key="{Uht93b}",
	author="Uht, A. K.",
	title="{System for Extracting Low-Level
		Concurrency from Serial Instruction Streams}",
	year=1993,
	month="April 6,",
	note="{U.S. Patent No. 5,201,057.
		This patent covers the CONDEL-2 machine.}")

@inproceedings(Uht95,
	key="{Uht95}",
	author="Uht, A. K. and Sindagi, V.",
	title="{Disjoint Eager Execution: An Optimal Form of 
		Speculative Execution}",
	booktitle="{Proceedings of the 28th International Symposium on 
		Microarchitecture (MICRO-28)}",
	organization="{IEEE and ACM}",
	month="{November/December}",
	pages="313-325",
	year=1995)

@article(Uht96,
	key="{Uht96}",
	author="Uht, A. K. and Sindagi, V. and Somanathan, S.",
	title="{Reducing the Ill Effects of Branches}",
	journal="{COMPUTER}",
	year=1996,
	note="{Accepted, to appear. Available via
                URL: {\tt http://www.ele.uri.edu/$\sim$uht}}")

@article(Uht97,
	key="{Uht97}",
	author="Uht, A. K. and Sindagi, V. and Somanathan, S.",
	title="{Branch Effect Reduction Techniques}",
	journal="{COMPUTER}",
	volume=30,
	number=5,
	pages="71-81",
	year=1997,
	month="May")

@techreport(Veenstra93,
	key="{Veenstra}",
	author="Veenstra, J. E. and Fowler, F. J.",
        title="{MINT Tutorial and User Manual}",
	institution="Computer Science Department, The University of
		  Rochester",
	year=1993,
	month="June",
	number=452)
		  
@inproceedings{Veenstra94,
author =        "Veenstra, J. E.  and Fowler, R. J.",
title =         "{MINT: A Front End for Efficient Simulation of Shared-Memory
Multiprocessors}",
booktitle =     "Proceedings of the Second International Workshop on Modeling,
Analysis, and Simulation of Computer and Telecommunication Systems (MASCOTS)",
pages =         "201-207",
year =          "1994",
mon =           Jan
}
		  
@article(Vin89,
	key="{Vin}",
	author="Vin, H. M. and Walicki, J. and Uht, A. K.",
	title="{Integrated Approach to Concurrent Code Execution}",
	journal="{Kluwer Academic's: The Journal of Supercomputing}",
	year=1989,
	month="{Submitted: September}",
	volume="{}",
	note="{Being revised.}")

@comment{
@inbook(Uht89g,
	key="{Uht89g}",
	author="Uht, A. K.",
	series="{New Generation Computing}",
	title="{Advanced Uniprocessor Supercomputer Features - Exploitation of
		Low-Level Concurrency}",
	booktitle="{Supercomputing in Engineering Analysis}",
	publisher="{Marcel Dekker, Inc., New York}",
	editor="{Adeli, H.}",
	year=1990,
	note="{Invited chapter, outline submitted October, 1989; under review.}")
}
@comment{
	publisher="{Kluwer Academic, in association with the Supercomputing
		Research Center}",}
@comment{
@inproceedings(Vin89b,
	key="{Vin}",
	author="Vin, H. M. and Walicki, J. and Uht, A. K.",
	title="{Smart System Architecture: A Semi-Smart Compiler and
		A Semi-Smart Machine}",
	organization="{IEEE and ACM}",
	booktitle="{Proceedings of the Seventeenth International
		Symposium on Computer Architecture}",
	month="{To be submitted: November}",
	year=1989,
	note="{In preparation.}")
}

@misc(Vin89b,
	key="{Vin}",
	author="Vin, H. M. and Uht, A. K.",
	title="{Integrated Approach to Concurrent Code Execution with respect
		to Instruction Scheduling and Memory Reference
		Disambiguation}",
	note="{Poster presented at Supercomputing '89; ACM, IEEE; 
		Reno, Nevada; November, 1989.}")

@article(Vin89c,
	key="{Vin}",
	author="Vin, H. M. and Uht, A. K.",
	title="{Dynamic Instruction Substitution: A Technique of
		Minimizing Data Dependencies for Memory References}",
	journal="{IEEE-CS TC-MICRO MICROARCH Newsletter}",
	year=1989,
	month="{July}",
	number="{1 and 2}",
	volume="{4}")

@inproceedings(Wall91,
	key="{Wall}",
	author="Wall, D.",
	title="{Limits of Instruction-Level Parallelism}",
	organization="{ACM and IEEE}",
	booktitle="{Proceedings of the
		Fourth International Conference on Architectural
		Support for Programming Languages and Operating Systems
		(ASPLOS-IV), Santa Clara, Calif.}",
	year=1991,
	Month="{April}",
	pages="{176-188}")

@techreport(Wall93,
	key="{Wall}",
	author="Wall, D.",
	title="{Limits of Instruction-Level Parallelism}",
	institution="{Digital Western Research Laboratory, Palo Alto, 
		California}",
	year=1993,
	Month="{November}",
	number="93/6",
	type="WRL Research Report")

@techreport(Wall94,
	key="{Wall}",
	author="Wall, D.",
	title="{Speculative Execution and Instruction-Level Parallelism}",
	institution="{Digital Western Research Laboratory, Palo Alto, 
		California}",
	year=1994,
	Month="{November}",
	number="TN-42",
	type="WRL Technical Note")

@inproceedings(Wallace97,
	key="{Wallace}",
	Author="{Wallace, S. and Bagherzadeh, N.}",
	title="{Multiple Branch and Block Prediction}",
	booktitle="{Proceedings of the Third High-Performance
		  Computer Architecture Conference (HPCA-3)}",
	organization="{IEEE}",
	month="{February}",
	pages="{94-103}",
	year=1997)

@techreport(Wang88,
	key="{Wang}",
	author="Wang, S. S. and Uht, A. K.",
	title="{Ideograph and Minimal Procedural Dependencies}",
	number="{CS88-140}",
	institution="{Department of Computer Science and Engineering,
		University of California, San Diego}",
	year=1988,
	month="{December}")

@inproceedings(Wang89,
	key="{Wang}",
	author="Wang, S. S. H. and Uht, A. K.",
	title="{Program Optimization with Ideograph}",
	organization="{Pennsylvania State University, University Park, PA}",
	booktitle="{Proceedings of the 1989 International Conference on
		Parallel Processing}",
	year=1989,
	month="{August 8-12}",
	pages="153-159",
	volume="{II}")

@article(Wang89b,
	key="{Wang}",
	author="Wang, S. S. and Uht, A. K.",
	title="{Program Parallelism Detection with Ideograph}",
	journal="{Journal paper in preparation}",
	year="{1989}",
	month="{September}",
	volume="{}")


@inproceedings(Wang90b,
	key="{Wang}",
	author="Wang, S. S. H. and Uht, A. K.",
	title="{Ideograph/Ideogram: Framework/Architecture for
		Eager Evaluation}",
	organization="{ACM and IEEE Computer Society}",
	booktitle="{Proceedings of the 23rd Annual Symposium and
		Workshop on Microprogramming and 
		Microarchitecture (MICRO-23)}",
	year=1990,
	month="{November 27-29}",
	pages="125-134")

@phdthesis(Wang91,
	key="{Wang}",
	Author="Wang, S. S.",
	title="{Enhancing Concurrent Program Execution with Eager Evaluation}",
	school="{University of California at San Diego}",
	month="{June}",
	year=1991,
	Note="{Available as Dept. of Computer Science and Engineering
		Technical Report No. CS91-203}")


@article(Wang91b,
	key="{Wang}",
	author="Wang, S. S. and Uht, A. K.",
	Title="{Ideograph: An Imperative Program Graph for Eager Evaluation}",
	journal="{IEEE Transactions on Parallel and Distributed Systems}",
	month="{}",
	year="{1991}",
	note="{Submitted, being revised.}")


@inproceedings(Wange79,
	key="{Wange}",
	author="Wange, P. and Liu, M. T.",
	title="{The Architecture of a Parallel Execution High-Level Language}",
	organization="{Department of Computer Science, University of Maryland}",
	booktitle="{Proceedings of the International Workshop on High-Level
		Language Computer Architecture}",
	year=1979,
	pages="{1-8}")

@inproceedings(WangH95,
	key="{WangH}",
	author="Wang, H. and Sun, T. and Yang, Q.",
	title="{CAT - Caching Address Tags: A Technique for Reducing
		  Area Cost of On-chip Caches}",
	organization="{IEEE and ACM}",
	booktitle="{Proceedings of the
		22nd Annual International Symposium on Computer 
		Architecture}",
	year=1995,
	pages="381-390",
	month="{June}")

@article(Wangl91,
	key="{Wang}",
	author="Wang, L. and Wu, C.",
	title="{Distributed Instruction Set Computer Architecture}",
	journal="{IEEE Transactions on Computers}",
	month="{August}",
	year=1991,
	volume=40,
	number=8)

@phdthesis(Wedig82,
	key="{Wedig}",
	author="Wedig, R. G.",
	title="{Detection of Concurrency in Directly Executed Language
		Instruction Streams}",
	school="{Stanford University}",
	year=1982,
	month="{June}")

@inproceedings(Wedig82b,
	key="{Wedig}",
	author="Wedig, R. G. and Flynn, M. J.",
	title="{Concurrency Detection in Language-Oriented Processing Systems}",
	organization="{IEEE}",
	booktitle="{Proceedings of the 3rd International Conference
		on Distributed Computing Systems}",
	pages="{805-810}",
	year=1982,
	month="{October}")

@inproceedings(Wedig83,
	key="{Wedig}",
	author="Wedig, R. G.",
	title="{The Detection of Concurrency Using Structured Control Flow}",
	Organization="{IEEE Computer Society}",
	BookTitle="{Proceedings of the International Workshop on 
		 Computer Systems Organization}",
	Month="{March}",
	pages="{28-35}",
	Year="{1983}")

@article(Weicker84,
	key="{Weicker}",
	author="Weicker, R. P.",
	title="{Dhrystone: A Synthetic Systems Programming Benchmark}",
	journal="{Communications of the ACM}",
	year=1984,
	month="{October}",
	volume=27,
	number=10,
	pages="{1013-1030}")

@article(Weiss84,
	key="{Weiss}",
	author="Weiss, S. and Smith, J. E.",
	journal="{IEEE Transactions on Computers}",
	title="{Instruction Issue Logic in Pipelined Supercomputers}",
	volume="{c-33}",
	number=11,
	month="{November}",
	year="{1984}")

@book(Weiss94,
	key="{Weiss}",
	author="Weiss, S. and Smith, J. E.",
	title="{POWER and PowerPC}",
	publisher="{Morgan Kaufman Publishers, Inc.}",
	address="{San Francisco, California}",
	year=1994)

@inproceedings(Wolfe91,
	key="{Wolfe}",
	author="Wolfe, A. and Shen, J. P.",
	title="{A Variable Instruction Stream Extension to the 
		VLIW Architecture}",
	organization="{ACM and IEEE}",
	booktitle="{Proceedings of the
		Fourth International Conference on Architectural
		Support for Programming Languages and Operating Systems
		(ASPLOS-IV), Santa Clara, Calif.}",
	year=1991,
	Month="{April}",
	pages="{2-14}")

@inbook(Wulf81,
	key="{Wulf}",
	author="Wulf, W. A. and Shaw, M. and Hilfinger, P. N. and Flon, L.",
	booktitle="{Fundamental Structures of Computer Science}",
	publisher="{Addison-Wesley Publishing Company}",
	year=1981,
	address="{Reading, Massachusetts}",
	chapter=2)

@misc(Wyman77,
	key="{Wyman}",
	author="Wyman, R.",
	title="{Whetstone Benchmark Test 1}",
	note="{Version 3, October, 1977, Lawrence Livermore Laboratory.}")

@inproceedings(Yang92,
	key="{Yang}",
	author="Yang, Q. and Yang, L. W.",
	title="{A Novel Cache Design for Vector Processing}",
	booktitle="{Proceedings of the 19th International Symposium
		on Computer Architecture}",
	organization="{ACM and IEEE}",
	month="{May}",
	year=1992,
	pages="{362-371}")

@inproceedings(Yang94,
	key="{Yang}",
	author="Yang, Q. and Sridhar, A.",
	title="{A One's Complement Cache Memory}",
	booktitle="{Proceedings of the 1994 International Conference
		on Parallel Processing}",
	organization="{IEEE}",
	month="{August}",
	pages="250-258",
	year=1994)

@inproceedings(Yeh91,
	key="{Yeh}",
	author="Yeh, T.-Y. and Patt, Y. N.",
	title="{Two-Level Adaptive Training Branch Prediction}",
	organization="{ACM and IEEE Computer Society}",
	booktitle="{Proceedings of the 24th Annual Symposium and
		Workshop on Microarchitecture (MICRO-24)}",
	year=1991,
	month="{November 18-20}")

@inproceedings(Yeh92,
	key="{Yeh}",
	author="Yeh, T.-Y. and Patt, Y. N.",
	title="{Alternative Implementations of Two-Level Adaptive
		Branch Prediction}",
	organization="{IEEE and ACM}",
	booktitle="{Proceedings of the
		19th Annual International Symposium on Computer 
		Architecture, Gold Coast, Australia}",
	year=1992,
	month="{May}",
	pages="{124-134}")

@inproceedings(Yeh92b,
	key="{Yeh}",
	author="Yeh, T.-Y. and Patt, Y. N.",
	title="{A Comprehensive Instruction Fetch Mechanism for a Processor
		Supporting Speculative Execution}",
	booktitle="{Proceedings of the Twenty-Fifth International Symposium
		on Microarchitecture (MICRO-25)}",
	organization="{ACM and IEEE}",
	month="{December}",
	year=1992,
	pages="{129-139}")

@inproceedings(Yeh93,
	key="{Yeh}",
	author="Yeh, T.-Y. and Patt, Y. N.",
	title="{A Comparison of Dynamic Branch Predictors that use Two
		Levels of Branch History}",
	organization="{IEEE and ACM}",
	booktitle="{Proceedings of the
		20th Annual International Symposium on Computer 
		Architecture}",
	year=1993,
	month="{May}",
	pages="{257-266}")

@article(Yohe72,
	key="{Yohe}",
	author="Yohe, J. M.",
	title="{Algorithm 428 - Hu-Tucker Minimum Redundancy Alphabetic
		Coding Method}",
	journal="{Communications of the ACM}",
	year=1972,
	month="{May}",
	pages="{360-362}",
	volume=15)

@inproceedings(Young94,
	key="{Young}",
	author="Young, C. and Smith, M. D.",
	title="{Improving the Accuracy of Static Branch Prediction Using
		Branch Correlation}",
	organization="{ACM}",
	booktitle="{Proceedings of the
		Sixth Annual International Conference on Architectural
		Support for Programming Languages and Operating Systems (ASPLOS-VI)}",
	year=1994,
	month="{October}",
	pages="{232-241}")

@techreport(Zink87,
	key="{Zink}",
	author="Zink, K.",
	title="{Engines as a Method of Limiting Eager Evaluation in Graph
		Reduction}",
	institution="{MCC}",
	number="{PP-393-86}",
	month="{December}",
	year="{1987}")




