
@inproceedings{Uht02,
  author =       "{Uht A., Morano D., Khalafi A., Alba M. and Kaeli D.}",
  title =        "{Realizing High IPC Using Time-tagged 
			Resource-Flow Computing}",
  booktitle =    {EUROPAR Conference},
  year =         {2002},
  address =      {Paderborn, Germany},
  month =        {August}
}

@article{Conners79,
    author = "{Conners W.D., Florkiowski J., Patton S.K.}",
    title = "The IBM 3033: An inside Look",
    journal = "Datamation",
    pages = "198--218",
    year = "1979"
}

@inproceedings{Wang90,
  author  = "{Wang S.S.H and Uht A.K.}",
  title   = "{Ideograph/Ideogram: Framework/Architecture for Eager Execution}",
  booktitle = "Proceedings of the 23rd 
	Symposium and Workshop on Microprogramming and Microarchitecture",
    publisher = "ACM Press",
    address = "New York, NY",
  year    = "1990",
        month= "Nov",
  pages   = "125--134"
}

@techreport{Heil96,
	author="{Heil T.H. and Smith J.E.}",
	title="{Selective Dual Path Execution}",
	institution="{University of Wisconsin - Madison}",
  	address =  "Madison, WI",
	year=1996
}

@inproceedings{Klauser98,
    author = "{Klauser A.S., Pathankar A. and Grunwald D.}",
    title = "Selective Eager Execution on the PolyPath Architecture",
	booktitle="Proceedings of the 25th 
	International Symposium on Computer Architecture",
    publisher = "ACM Press",
    address = "New York, NY",
    year = "1998",
	month = "Jun",
    pages = "250--259"
}

@inproceedings{Wallace98,
    author = "{Wallace S., Calder B. and Tullsen D.M.}",
    title = "{Threaded Multiple Path Execution}",
	booktitle="{Proceedings of the 25th 
	International Symposium on Computer Architecture}",
    publisher = "ACM Press",
    address = "New York, NY",
    year = "1998",
	month = "Jun"
}

@inproceedings{Tullsen96,
    author = "{Tullsen D.M., Eggers S.J., Emer J.S., 
	Levy, H.M., Lo J.L. and Stamm R.L.}",
    title = "Exploiting Choice: Instruction Fetch and issue 
	on an implementable simultaneous multithreading processor",
	booktitle="{Proceedings of the 23th 
	International Symposium on Computer Architecture}",
    publisher = "ACM Press",
    address = "New York, NY",
    year = "1996",
	month = May,
    pages = "191--202"
}

@inproceedings{Ahuja98,
    author = "{Ahuja P.S., Skadron K., Martonosi M. and Clark D.W.}",
    title = "{Multipath Execution: Opportunities and Limits}",
	booktitle="{Proceedings of the 12th 
		International Conference on Supercomputing}",
    publisher = "ACM Press",
    address = "New York, NY",
    year = "1998",
	month = "July"
}

@inproceedings{Klauser99,
    author = "{Klauser A.S. and Grunwald D.}",
    title = "{Instruction Fetch Mechanisms for Multipath Execution Processors}",
    booktitle="{Proceedings of the 32nd 
	International Symposium on Microarchitecture}",
    publisher = "ACM Press",
    address = "New York, NY",
    year = "1999",
	month = "Nov"
}

@inproceedings{Ranganathan98,
  author  = "{Ranganathan N. and Franklin M.}",
  title   = "An Empirical Study of Decentralized ILP Execution Models",
  booktitle = "Proceedings of the 8th 
	International Conference on Architectural Support for 
	Programming Languages and Operating Systems",
    publisher = "ACM Press",
    address = "New York, NY",
  year    = "1998",
        month= "October",
  pages   = "272--281"
}

@inproceedings{Cher01,
    author = "{Cher C. and Vijaykumar T.N.}",
    title = "{Skipper: A Microarchitecture for Exploiting 
	Control-Flow Independence}",
    booktitle="{Proceedings of the 34nd 
	International Symposium on Microarchitecture}",
    publisher = "ACM Press",
    address = "New York, NY",
    year = "2001",
	month = "Nov"
}

@inproceedings{Franklin92,
    author = "{Franklin M. and Sohi G.S.}",
    title = "{Register Traffic Analysis for Streamlining Inter-Operation
	Communication in Fine-Grained Parallel Processors}",
    booktitle="{Proceedings of the 25th
	International Symposium on Microarchitecture}",
    publisher = "ACM Press",
    address = "New York, NY",
    year = "1992",
	month = "Dec",
  pages   = "236--245"
}

@inproceedings{ Sohi95,
    author = "{Sohi G.S., Breach S. and Vijaykumar T.N.}",
    title = "{Multiscalar Processors}",
    booktitle="{Proceedings of the 22th
	International Symposium on Computer Architecture}",
    publisher = "ACM Press",
    address = "New York, NY",
    year = "1995",
	month = "Jun"
}

@inproceedings{ sundararaman97multiscalar,
    author = "{Sundararaman K.K., Franklin M.}",
    title = "Multiscalar Execution along a Single Flow of Control",
    booktitle="{Proceedings of the International Conference
	on Parallel Computing}",
    year = "1997",
	pages= "106--113"
}

@inproceedings{Jiser00,
    author = "{Jiser J., Carr S. and Sweany P.}",
    title = "Global Register Partitioning",
    booktitle="{Proceedings of the 
   	International Conference on Parallel Architectures and 
   	Compilation Techniques}",
    publisher = "IEEE Press",
    address = "New York, NY",
    year = "2000",
	month = "October"
}

@inproceedings{Smelyanskiy00,
    author = "{Smelyanskiy M., Tyson G.S. and Davidson E.S.}",
    title = "Register Queues: A New Hardware/Software Approach to 
		Efficient Software Pipelining",
    booktitle="{Proceedings of the 
   	International Conference on Parallel Architectures and 
   	Compilation Techniques}",
    publisher = "IEEE Press",
    address = "New York, NY",
    year = "2000",
	month = "October"
}

@inproceedings{Nag01,
    author = "{Nagarajan R., Sankaralingam K., Burger D. and Keckler S.W.}",
    title = "A Design Space Evaluation of Grid Processor Architectures",
    booktitle="{Proceedings of the 34th
	International Symposium on Microarchitecture}",
    publisher = "ACM Press",
    address = "New York, NY",
    year = "2001",
	month = "Nov"
}

@techreport{Sank01a,
	author = "{Sankaranarayanan K. and Skadron K.}",
    title = "{A Scheme for Selective Squash and Re-issue for 
		Single-Sided Branch Hammocks}",
	institution="{University of Virginia}",
  	address =  "Charlottesville, VA",
	number="{CS-2001-14}",
	year=2001,
	month= "Jul"
}

@misc{Sank01b,
    author = "{Sankaranarayanan K. and Skadron K.}",
    title = "{A Scheme for Selective Squash and Re-issue for 
		Single-Sided Branch Hammocks}",
    booktitle="{PACT: Work In Progress Session }",
    howpublished = "IEEE Press",
    year = "2001",
    month = "Oct"
}

@inproceedings{Bannon95,
  author  = "{Bannon P. et al}",
  title   = "Internal Architecture of {Alpha 21164} Microprocessor",
  journal = "IEEE Transactions on Computers",
    booktitle = "Proceedings of {COMPCON}",
	year= 1995,
	month= "Mar",
  pages   = "79--87"
}

@inproceedings{ leibholz97alpha,
    author = "{Leibholz D., Razdan R.}",
    title = "The {Alpha 21264: A 500 MHz} Out-of-order 
	Execution Microprocessor",
    booktitle="Proceedings of {COMPCON}",
    year = "1997",
    pages= "28--36"
}

@inproceedings{Kessler98,
    author = "{Kessler R.E., McLellan E.J. and Webb D.A.}",
    title = "The {Alpha 21264} Microprocessor Architecture",
    booktitle="International Conference on Computer Design",
    year = "1998",
    month = "Oct"
}

@article{Pop,
    author = "{Popescu V., Schultz M., Spracklen J., 
		Gibson G., Lightner B. and Isaman D.}",
    title = "The {Metaflow} Architecture",
    journal = "IEEE Micro",
    volume = "11",
    number = "3",
    year = "1991",
    pages = "10--13, 63--73"
}

@article{Skadron01,
    author = "{Skadron K. and Ahuja P.S.}",
    title = "{HydraScalar: A Multipath-Capable Simulator}",
    journal = "IEEE Technical Committee on Computer Architecture Newsletter",
	year=	2001
}

@inproceedings{Palacharla97,
    author = "{Palacharla S., Jouppi N.P. and Smith J.E.}",
    title = "{Complexity-Effective Superscalar Processors}",
    booktitle = "{ISCA-24}",
    year = "1997",
    pages = "206--218"
}

@article{Smith95,
    author = "{Smith J.E. and Sohi G.S.}",
    title = "{The Microarchitecture of Superscalar Processors}",
    journal = "Proceedings of the IEEE",
    volume = "83",
    year = "1995",
    month= "Dec",
    pages = "1609--1624"
}

@inproceedings{Cleary95,
        author="{Cleary J.G, Pearson M.W and Kinawi H.}",
        title="{The Architecture of an Optimistic CPU: The Warp Engine}",
        booktitle="{Proc. of the HICSS}",
        year=1995,
	volume= 1,
        month= Jan,
        pages= "163--172"
}

@article{Anderson67,
  author = "{Anderson D., Sparacio F. and Tomasulo F.}",
  title = "{The IBM/360 Model 91: Machine Philosophy and 
		Instruction Handling}",
  journal = "{IBM Journal}",
	volume= 11,
  	number= 1,
  	year= 1967,
	month= Jan,
  	pages= "8--24"
}

@inproceedings{Lam92,
	key="{Lam92}",
	author="{Lam M.S. and Wilson R.P.}",
	title="{Limits of Control Flow on Parallelism}", 
	organization="{ACM}",
	booktitle="{Proc. of ISCA-19}",
	year= 1992,
	month= May,
	pages= "46--57"
}

@techreport{Gon97,
	key="{Gon97}",
	author="{Gonzalez J. and Gonzalez A.}",
	title="{Limits on Instruction-Level Parallelism with Data Speculation}",
	institution="{UPC, Barcelona Spain}",
	number="{UPC-DAC-1997-34}",
	year=1997
}

@inproceedings{Uht95,
	key="{Uht95}",
	author="{Uht A. K. and Sindagi V.}",
	title="{Disjoint Eager Execution: An Optimal Form of 
		Speculative Execution}",
	booktitle="{Proc. MICRO-28}",
	organization="{ACM}",
	month= "Nov",
	pages= "313--325",
	year= 1995
}

@article{Tom67,
	key="{Tom67}",
	author="{Tomasulo R.M.}",
	title="{An Efficient Algorithm for Exploiting Multiple
		Arithmetic Units}",
	journal= "{IBM Journal of Research and Development}",
	volume= "11",
	number= "1",
	year= 1967,
	month= "Jan",
	pages= "25--33"
}

@inproceedings{Thornton64,
	key="{Thornton64}",
	author="{Thornton J.E.}",
	title="{Parallel Operation in the Control Data 6600}", 
	booktitle="{Proc. of the AFIPS}", 
	year= 1964,
        volume= 26,
	pages= "33--40"
}

@techreport{Uht01,
	key="{Uht01}",
	author="{Uht A.K., Morano D.A., Khalafi A., de Alba M., 
		Wenisch T., Ashouei M., and Kaeli D.}",
    	title="{IPC in the 10's via Resource Flow Computing with Levo}",
	institution="{Dept. of ECE, URI}",
  howpublished = "Technical Report of University of Rhode Island",
	number="{TR 092001-001}",
	year=2001,
	month="{Sept}"
}

@techreport{Kaeli01,
	key="{Kaeli01}",
	author="{Kaeli D., Morano D.A. and Uht A.}",
    	title="{Preserving Dependencies in a Large-Scale 
		Distributed Microarchitecture}",
	institution="{Dept. of ECE, URI}",
  howpublished = "Technical Report of University of Rhode Island",
	number="{TR 022002-001}",
	year=2001,
	month="{Dec}"
}

@techreport{morano02predication,
	key="{Morano02}",
	author="{Morano D.A.}",
    	title="{Execution-time Instruction Predication}",
	institution="{Dept. of ECE, URI}",
  howpublished = "Technical Report of University of Rhode Island",
	number="{TR 032002-0100}",
	year=2002,
	month="Mar"
}

@techreport{Morano02,
	key="{Morano02}",
	author="{Morano D.A.}",
    	title="{Execution-time Instruction Predication}",
	institution="{Dept. of ECE, URI}",
  howpublished = "Technical Report of University of Rhode Island",
	number="{TR 032002-0100}",
	year=2002,
	month="Mar"
}

@inproceedings{Austin97,
	key="{Austin97}",
	author="{Austin T.M. and Burger D.}",
	title="{ SimpleScalar Tutorial }", 
	booktitle="{Proc. of MICRO-30}",
	month="{Nov}",
	year=1997
}

@techreport{Uht92e,
	key="{Uht92e}",
	author="{Uht A. K.}",
	title="{Extraction of Massive Instruction Level Parallelism}",
	institution="{Dept. of EE, URI}",
	number="{1292-0001}",
	year=1992,
	month="{Dec}"
}

@INPROCEEDINGS{Smi81,
  author  = "Smith J.E.",
  title   = {A study of branch prediction strategies},
  booktitle =" Proceedings of 8th Symposium in Computer Architecture",
  address =  "Minneapolis, MN",
  year    = 1981,
  pages   = "135--148"
}

@misc{lee84,
    author = "{Lee J. and Smith A.}",
    title = "Branch prediction strategies and branch target buffer design",
    howpublished = "IEEE Computer 17(1)",
    month = Jan,
    year = "1984"
}

@inproceedings{kaeli91,
    author = "{Kaeli D.R. and Emma P.G.}",
    title = "Branch History Table Prediction of Moving Target 
		Branches Due to Subroutine Returns",
    booktitle = "Proceedings of the 18th International Symposium on 
		Computer Architecture ({ISCA})",
    journal = "ACM Computer Architecture News, SIGARCH",
    volume = "19-3",
    publisher = "ACM Press",
    address = "New York, NY",
    year = "1991",
    pages = "34--42"
}

@inproceedings{glo96,
    author = "{Gloy N., Young C., Chen J.B., and Smith M.D.}",
    title = "{An Analysis of Dynamic Branch Prediction 
	Schemes on System Workloads}",
    booktitle = "Proc. 23rd Annual Intl. Symp. on Computer Architecture",
    pages = "12--21",
    year = "1996"
}

@inproceedings{pan92,
    author = "{Pan S.-T., So K. and Rahmeh J.T.}",
    title = "Improving the accuracy of dynamic branch prediction 
	using branch correlation",
    booktitle = "Proceedings of the 5th International Conference on 
	Architectural Support for Programming Languages and 
	Operating System ({ASPLOS})",
    journal = "SIGPLAN Notices",
    volume = "27",
    number = "9",
    publisher = "ACM Press",
    address = "New York, NY",
    isbn = "0-89791-534-8",
    pages = "76--84",
    year = "1992"
}

@book{hennpatt95,
    author = "{Hennessy J.L. and Patterson D.A.}",
    title = "Computer Architecture: A Quantitative Approach, 2nd ed.",
    publisher =  "Morgan Kaufmann",
    address = "Palo Alto, CA",
    year = "1995"
}

@INPROCEEDINGS{Yeh93,
  author  = "{Yeh T.-Y. and Patt Y.N.}",
  title   = {A Comparison of Dynamic Branch Predictors that use Two 
             Levels of Branch History},
  booktitle = "The 20th Annual International Symposium on 
	Computer Architecture", 
  address =  "Goteborg, Sweden",
  year    = 1993,
  pages   = "257--266"
}

@inproceedings{Che96,
    author = "{Chen I.K., Coffey J.T. and Mudge T.}",
    title = "Analysis of branch prediction via data compression",
    booktitle = "Proceedings of the seventh International Conference
		  on Architectural support for programming languages
		  and operating systems",
    address = "Cambridge, MA",
    year = 1996,
	month= October,
    pages = "128--137"
}

@misc{kae97,
    author = "{Kaeli D. and Emma P.}",
    title = "Improving the Accuracy of History-based Branch Prediction",
    howpublished = "IEEE Transactions on Computers, 46(4):469--472",
    year = "1997",
    month = "Apr",
	pages= "469--472"
}

@misc{chan97,
    author = "P-Y. Chang, E. Hao, Y. Patt",
    title = "Target Prediction for Indirect Jumps",
    howpublished = "Proc. of the 24th Annual International Symposium on 
		Computer Architecture",
    address = "Denver, CO",
    year = "1997",
    month = "Jun",
    pages= "274--283"
}

@misc{driesen1-98,
    author = "K. Driesen and U. Hlzle",
    title = "Accurate Indirect Branch Prediction",
    howpublished = "Proceedings of The 25th International Symposium on 
		Computer Architecture",
    address = "Barcelona, Spain",
    year = "1998",
    month = "July"
}

@inproceedings{driesen2-98,
    author = "K. Driesen and U. Holzle",
    title = "The Cascaded Predictor: Economic and Adaptive Branch 
	Target Prediction",
    booktitle="{Proceedings of the 31st
	International Symposium on Microarchitecture}",
    publisher = "ACM Press",
    year = "1998",
    month =  "November",
    address = "Dallas, TX"
}

@PhdThesis{kalamat2000,
  author = 	 {John Kalamatianos},
  title = 	 {Microarchitectural and Compile-Time 
	Optimizations for Performance Improvement of 
	Procedural and Object-Oriented Languages},
  school = 	 {Northeastern University},
  year = 	 {2000},
  OPTkey = 	 {},
  OPTtype = 	 {},
  OPTaddress = 	 {},
  OPTmonth = 	 {January},
  OPTnote = 	 {},
  OPTannote = 	 {}
}

@INPROCEEDINGS{Tub98,
  author  = "{Tubella J. and Gonzalez A.}",
  title   = "{Control Speculation in Multithreaded Processors through 
	Dynamic Loop Detection}",
  booktitle ="Proceedings of the 4th International Symposium on 
	High-Performance Computer Architecture",
  address = "Las Vegas, NV",
  month = Jan,
  year    = "1998"
}

@ARTICLE{Mck96,
  author  = "K. McKinley and S. Carr and C-W Tseng",
  title   = {Improving Data Locality with Loop Transformations},
  year    = 1996,
  journal = "ACM Transactions in Programming Languages and Systems",
  volume  = 18,
  number  = 4,
  pages   = "424--453"
}

@ARTICLE{Kob84,
  author  = "M. Kobayashi",
  title   = {Dynamic Characteristics of Loops},
  journal = "IEEE Transactions on Computers",
  volume  = 33,
  number  = 2,
  year    = 1984,
  pages   = "125--132"
}

@article{Sohi96,
  author  = "{Franklin M. and Sohi G.S.}",
  title   = "{ARB: A Hardware Mechanism for Dynamic Memory Disambiguation}",
  journal = "IEEE Transactions on Computers",
  volume  = 45,
  number  = 5,
  year    = 1984,
	month= May,
  pages   = "552--571"
}

@INPROCEEDINGS{She00,
  author  = "T. Sherwood and B. Calder",
  title   = {Loop Termination Prediction},
  booktitle = "Proceedings of the 3rd International Symposim on 
	High Performance Computing",
  year    = 2000,
  month = "October",
  publisher = "Springer-Verlag"
}

@techreport{UhtTR01,
     author = "{Uht A., Morano D., Khalafi A.,  
	Alba M., Wenisch T., Ashouei M. and Kaeli D.}", 
     title = "IPC in the 10's via Resource Flow Computing with Levo", 
     number = "TR 092001-001", 
  howpublished = "Technical Report of University of Rhode Island",
     institution = "University of Rhode Island",
     year = "2001",
     url = "ftp://ele.uri.edu/pub/uht/LevoTR092001-001.pdf"
}

@techreport{gonz-dependence,
    author = "{Gonzalez A. and Marcuello P.}",
    title = "Dependence Speculative Multithreaded Architecture",
    institution =  "Universitat Polytecnica de Catalunya",
    year = "1998",
    url = "citeseer.nj.nec.com/103862.html",
}

@Manual{ia64,
    organization = "Intel",
    title = "Intel Itanium2 Processor Reference Manual for Software
		Development and Optimization",
      month = "June",
    year = "2002"  
}

@techreport{Sri94,
  author = "A. Srivastava and A. Eustace.",
  title =  "{ATOM: a System for Building Customized Program Analysis Tools}",
  year  = 1994,
  howpublished = "DEC Western Research Laboratory Technical Report",
  address = "Palo Alto CA",
  note = "Technical report"
}

@inproceedings{Dav95,
    author = "J. Davidson and S. Jinturkar",
    title = "Improving Instruction-level Parallelism by 
	Loop Unrolling and Dynamic Memory Disambiguation",
    booktitle = "Proceedings of the 28th Annual International
                  Symposium on Microarchitecture",
    journal = "MICRO-28",
    publisher = "ACM Press",
    address = "New York, NY",
    year = "1995",
    pages = "125--132"
}

@inproceedings{Mah92,
    author = "S. A. Mahlke and W. Y. Chen and J. C. Gyllenhaal 
	and W. Hwu and P. Chang and T. Kiyohara",
    title = "Compiler Code Transformations for 
	Superscalar-Based High-Performance Systems",
    booktitle = "Proceedings Supercomputing '92",
    publisher = "IEEE",
    address = "Minn., MN",
    year = "1992",
    pages = "808--817"
}

@inproceedings{Lam88,
    author = "M. Lam",
    title = "Software Pipelining: An Effective Scheduling 
		Technique for {VLIW} Machines",
    booktitle = "Proceedings of the {ACM} {SIGPLAN} '88 Conference on 
		Programming Language Design and Implementation ({PLDI})",
    journal = "SIGPLAN Notices",
    volume = "23",
    number = "7",
    pages = "318--328",
    year = "1988"
}

@misc{Sai98,
  author = "S. Sair and D. Kaeli",
  title = "A Study of Loop Unrolling for VLIW-Based DSP Processor",
  howpublished = "Proceedings of the Workshop on Signal Processing
                  Systems",
  year = 1998,
  month = "October",
  pages = "519--527"
}

@article{Lip97,
        author="{Lipasti M.H and Shen J.P.}",
        title="{Superspeculative Microarchitecture for Beyond AD 2000}",
        journal="{IEEE Computer}",
        number="{9}",
        volume="{30}",
        year= 1997,
        month= "Sep"
}

@inproceedings{Cle95,
        key="{Cle95}",
        author="{Cleary J.G, Pearson M.W and Kinawi H.}",
        title="{The Architecture of an Optimistic CPU: The Warp Engine}",
        booktitle="{Proceedings of the Hawaii Internationl Conference
           on System Science}",
        year= 1995,
        month= Jan,
        pages= "163--172"
}

@inproceedings{Hen00,
        key="{Hen00}",
        author="{Henry D.S and Kuszmaul B.C. and Loh G.H. and Sami R.}",
        title="{Circuits for Wide-Window Superscalar Processors}",
        booktitle="{Proceedings of the 27th Annual International
           Symposium on Computer Architecture}",
        organization="{ACM}",
        year= 2000,
        month= "Jun",
        pages= "236--247"
}

@inproceedings{calder99selective,
    author = "{Calder B., Reinman G. and Tullsen D.M.}",
    title = "Selective Value Prediction",
    booktitle = "{ISCA}",
    year = 1999,
    pages = "64--74"
}

@inproceedings{lipasti96exceeding,
    author = "{Lipasti M.H. and Shen J.P.}",
    title = "Exceeding the Dataflow Limit via Value Prediction",
    booktitle = "International Symposium on Microarchitecture",
    pages = "226--237",
    year = "1996"
}

@article{lipasti98exploiting,
    author = "{Lipasti M.H. and Shen J.P.}",
    title = "Exploiting Value Locality to Exceed the Dataflow Limit",
    journal = "International Journal of Parallel Programming",
    volume = "26",
    number = "4",
    year = 1998,
    pages = "505--538"
}

@ARTICLE{ riseman72inhibition,
  author  = "{Riseman E.M. and Foster C.C.}",
  title   = "{The Inhibition of Potential Parallelism by Conditional Jumps}",
  journal = "IEEE Transactions on Computers",
  volume  = 21,
  number  = 12,
  year    = 1972,
	month= dec,
  pages   = "1405--1411"
}

@techreport{lipasti97approaching,
  author = "{Lipasti M.H. and Shen J.P.}",
  title = "{Approaching 10 IPC via superspeculation}",
  text = "Lipasti, M.H., Shen, J.P.: 
	Approaching 10 IPC via superspeculation,
  	Technical Report CMU-MIG-1",
     number = "CMU-MIG-1",
  institution = "Carnegie Mellon University",
  howpublished = "Technical Report of Carnegie Mellon University",
  year = "1997",
  url = "citeseer.nj.nec.com/lipasti97approaching.html" 
}

@inproceedings{ lipasti96value,
    author = "Mikko H. Lipasti and Christopher B. Wilkerson and John P. Shen",
    title = "Value Locality and Load Value Prediction",
    booktitle = "Architectural Support for Programming Languages and 
		Operating Systems",
    year = "1996",
    pages = "138--147",
    url = "citeseer.nj.nec.com/lipasti96value.html" 
}

@misc{ lipasti97value,
  author = "M. Lipasti",
  title = "Value Locality and Speculative Execution",
  text = "M. H. Lipasti, Value Locality and Speculative Execution, 
	Ph.D. thesis, Carnegie Mellon University",
  institution = "Carnegie Mellon University",
  year= 1997,
	month= "Apr",
  url = "citeseer.nj.nec.com/lipasti97value.html" 
}

@article{ lipasti97superspeculative,
    author = "Mikko H. Lipasti and John Paul Shen",
    title = "Superspeculative Microarchitecture for Beyond {AD 2000}",
    journal = "IEEE Computer",
    volume = "30",
    number = "9",
    year = 1997,
    pages = "59--66",
    url = "citeseer.nj.nec.com/lipasti97superspeculative.html" 
}

@misc{ amt-emerging,
  author = "Lfkdho Klhpv Amt",
  title = "Emerging DRAM Technologies",
  url = "citeseer.nj.nec.com/295859.html" 
}

@inproceedings{ lipasti97performance,
    author = "{Lipasti M.H. and Shen J.P.}",
    title = "{The Performance Potential of Value and Dependence Prediction}",
    booktitle = "European Conference on Parallel Processing",
    year = 1997,
    pages = "1043--1052",
    url = "citeseer.nj.nec.com/lipasti97performance.html" 
}

@techreport{ scott93combining,
    author = "S. McFarling",
    title = "{C}ombining {B}ranch {P}redictors",
    number = "TN-36",
    year = 1993,
    month = "Jun",
    url = "citeseer.nj.nec.com/mcfarling93combining.html" 
}

@inproceedings{ mahlke94characterizing,
    author = "Scott A. Mahlke and Richard E. Hank and 
	Roger A. Bringmann and John C. Gyllenhaal and 
	David M. Gallagher and Wen-mei W. Hwu",
    title = "Characterizing the Impact of Predicated Execution on 
	Branch Prediction",
	year= 1994,
    pages = "217--227",
    url = "citeseer.nj.nec.com/article/mahlke94characterizing.html" 
}

@article{ uh99effectively,
    author = "Gang-Ryung Uh and David B. Whalley",
    title = "Effectively Exploiting Indirect Jumps",
    journal = "Software - Practice and Experience",
    volume = "29",
    number = "12",
    year = 1999,
    pages = "1061--1101",
    url = "citeseer.nj.nec.com/uh97effectively.html" 
}

@inproceedings{ jacobsen96assigning,
    author = "Erik Jacobsen and Eric Rotenberg and James E. Smith",
    title = "Assigning Confidence to Conditional Branch Predictions",
    booktitle = "Proceedings of the 29th Annual International
                  Symposium on Microarchitecture ",
    journal = "MICRO-29",
    publisher = "ACM Press",
    address = "New York, NY",
    year = 1996,
    pages = "142--152",
    url = "citeseer.nj.nec.com/jacobsen96assigning.html" 
}

@inproceedings{ wall91limits,
    author = "{Wall D.W.}",
    title = "{Limits of Instruction-Level Parallelism}",
    booktitle = "Proceedings of the 4th International Conference on 
		Architectural Support for Programming Languages and 
		Operating System ({ASPLOS})",
    journal = "SIGPLAN Notices",
    volume = "26",
    number = "4",
    publisher = "ACM Press",
    address = "New York, NY",
    isbn = "0-89791-380-9",
    year = 1991,
	month= "Apr",
    pages = "176--189",
    url = "citeseer.nj.nec.com/wall93limits.html" 
}

@inproceedings{gonzalez98limits,
  author = "{Gonzlez J. and Gonzlez A.}",
  title = "{Limits of Instruction Level Parallelism with Data Speculation}",
    booktitle = "Proceedings of the VECPAR Conference",
  year = "1998",
	pages= "585--598"
}

@misc{ gon97eva,
  author = "Jos Gonz",
  title = "Evaluation of Alternative Data Speculation Approaches for 
  	Superscalar Processors",
  	year= 1997,
  url = "citeseer.nj.nec.com/48458.html"
}

@misc{ gonzalez98data,
  author = "J. Gonzalez and A. Gonzalez",
  title = "Data Value Speculation in Superscalar Processors",
  text = "J. Gonz'alez and A. Gonz'alez, 
	Data Value Speculation in Superscalar Processors,
    in Microprocessors and Microsystems, 22(6),November 1998.",
    booktitle = "Microprocessors and Microsystems",
    volume = 22,
    number = 6,
  year = 1998,
  url = "citeseer.nj.nec.com/107737.html" 
}

@techreport{ rychlik98efficient,
  author = "B. Rychlik and J. Faistl and B. Krug and 
	A. Kurland and J. Jung and M.  Velev and J. Shen",
  title = "Efficient and Accurate Value Prediction 
	Using Dynamic Classification",
  text = "Efficient and Accurate Value Prediction Using Dynamic Classification,
    Technical Report of Microarchitecture Research Team in Dept. of Electrical
    and Computer Engineering, Carnegie Mellon Univ., 1998.",
	institution= "Carnegie Mellon University",
  howpublished = "Technical Report of Carnegie Mellon University",
  year = 1998,
  url = "citeseer.nj.nec.com/rychlik98efficient.html" 
}

@techreport{ and97implementations,
  author = "Yiannakis Sazeides And",
  title = "Implementations of Context Based Value Predictors",
	number= "TR978",
  	year= 1997,
 	month= December,
  url = "citeseer.nj.nec.com/497854.html" 
}

@inproceedings{ sazeides97predictability,
    author = "Yiannakis Sazeides and James E. Smith",
    title = "The Predictability of Data Values",
    booktitle = "Proceedings of the 30th Annual International
                  Symposium on Microarchitecture ",
    journal = "MICRO-30",
    publisher = "ACM Press",
    address = "New York, NY",
    year = 1997,
    pages = "248--258",
    url = "citeseer.nj.nec.com/sazeides97predictability.html" 
}

@misc{ manoj-using,
  author = "Renju Thomas Manoj Franklin",
  title = "Using Dataflow Based Context for Accurate Value Prediction",
  year= 2001,
  url = "citeseer.nj.nec.com/444709.html" 
}

@techreport{ burger95declining,
    author = "D.C. Burger and J.R. Goodman and A. Kagi",
    title = "{T}he {D}eclining {E}ffectiveness of 
	{D}ynamic {C}aching for {G}eneral-{P}urpose {M}icroprocessors",
    number = "UWMADISONCS CS-TR-95-1261",
	institution= "University of Wisconsin - Madison",
  	address =  "Madison, WI",
    year = 1995,
    month = Jan,
    url = "citeseer.nj.nec.com/burger95declining.html" 
}

@article{ burger97limited,
    author= "Doug Burger and James R. Goodman and Alain K{\"a}gi",
    title= "Limited Bandwidth to Affect Processor Design",
    journal= "IEEE Micro",
    volume= "17",
    number= "6",
    year= 1997,
    month= Nov,
    pages= "55--62",
    url= "citeseer.nj.nec.com/burger97limited.html" 
}

@inproceedings{ burger96memory,
    author = "Doug Burger and James R. Goodman and Alain Kagi",
    title = "Memory Bandwidth Limitations of Future Microprocessors",
        booktitle="{Proceedings of the 23rd Annual International
           Symposium on Computer Architecture}",
        organization="{ACM}",
    year= 1996,
    pages= "78--89",
    url= "citeseer.nj.nec.com/burger96memory.html" 
}

@inproceedings{ cuppu99performance,
    author = "Vinodh Cuppu and Bruce L. Jacob and Brian Davis and 
		Trevor N. Mudge",
    title = "A Performance Comparison of Contemporary {DRAM} Architectures",
        booktitle="{Proceedings of the 26th Annual International
           Symposium on Computer Architecture}",
        organization="{ACM}",
    year= 1999,
    pages= "222--233",
    url= "citeseer.nj.nec.com/cuppu99performance.html" 
}
 
@misc{ davis00ddr2,
  author = "Brian Davis and Trevor Mudge and Vinodh Cuppu and Bruce Jacob",
  title = "DDR2 and Low Latency Variants",
        booktitle="Proceedings of the Memory Wall Workshop,
           in conjunction with {ISCA-25}",
        organization="{ACM}",
	year= 2000,
	month= May,
  url = "http://www.glue.umd.edu/%257Eramvinod/memwall.isca2k.pdf" 
}
  
@inproceedings{ davis00new,
    author = "B. Davis and B. Jacob and T. Mudge",
    title = "The new DRAM interfaces: SDRAM, RDRAM and variants",
	booktitle= "Proceedings of the 3rd Int. Symp. on 
	High Performance Computing",
  	address =  "Tokyo, Japan",
    month = Oct,
    year = 2000,
    pages = "26--31",
    url = "citeseer.nj.nec.com/burger97limited.html" 
}

@article{ cuppu01high,
  author  = "V. Cuppu and B. Jacob and B. Davis and T. Mudge",
  title   = "High-performance DRAMs in workstation environments",
  journal = "IEEE Transactions on Computers",
  volume= 50,
  number= 11,
  year= 2001,
	month= Nov,
  pages   = "1133-1153"
}

@article{wulf95hitting,
    author= "W. Wulf, S. McKee",
    title= "Hitting the Memory Wall: Implications of the Obvious",
    journal= "Computer Architecture News",
    volume= 23,
    number= 1,
    year= 1995,
	month= Mar,
    pages = "20--24",
}

@inproceedings{ yeh92alternative,
    author = "T.Y. Yeh and Y.N. Patt",
    title = "Alternative implementations of two-level 
		adaptive branch prediction",
    booktitle = "Proceedings of the 19th International Symposium on 
		Computer Architecture",
    publisher = "ACM and IEEE Computer Society",
    address = "Gold Coast, Australia",
    year = "1992",
    pages = "124--134"
}

@inproceedings{ phalke95gap,
    author = "{Vidyadhar P., Bhaskarpillia G.}",
    title = "An Inter-Reference Gap Model for Temporal Locaility in
	Program Behavior",
    booktitle = "Proceedings of SIGMETRICS Joint International
	Conference on Measurement and Modeling of Computer Systems",
    publisher = "ACM Press",
    year = "1995",
	pages= "191--300"
}

@inproceedings{ morano02high,
    author = "{Morano D.A., Khalafi A., Kaeli D.R., Uht A.K.}",
    title = "Realizing High {IPC} Through a Scalable Memory-Latency Tolerant
	Multipath Microarchitecture",
    booktitle = "Proceedings of MEDEA 
	Workshop {(held in conjuction with PACT'02)}",
    year = "2002"
}

@inproceedings{ tsai96superthread,
    author = "{Tsai J-Y., Yew P-C.}",
    title = "The Superthreaded Architecture: Thread Pipelining
	with Run-Time Data Dependence Checking and Control Speculation",
    booktitle="{Proceedings of the International Conference on
	Parallel Architectures and Compilation Techniques}",
    year = "1996",
	pages= "35--46"
}

@inproceedings{ farkas97multicluster,
    author = "{Farkas K.I., Chow P., Jouppi N.P., Vranesic Z.}",
    title = "The Multicluster Architecture: Reducing Cycle Time
	Through Partiioning",
    booktitle="{Proceedings of the 30th International Symposium on
	Microarchitecture}",
    year = "1997",
	pages= "149--159"
}

@inproceedings{ rotenberg97trace,
    author = "{Rotenberg E., Jacobsom Q., Sazeides Y.}",
    title = "Trace Processors",
    booktitle="{Proceedings of the 30th International Symposium on
	Microarchitecture}",
    year = "1997",
	pages= "138--148"
}

@inproceedings{ vajapeyam97sequences,
    author = "{Vajapeyam S., Mitra T.}",
    title = "Improving Superscalar Intruction Dispatch and Issue by 
	Exploiting Dyanmic Code Sequences",
    booktitle="{Proceedings of the 24th International Symposium on
	Computer Architecture}",
    year = "1997"
}

@inproceedings{ kemp96pew,
    author = "{Kemp G.A., Franklin M.}",
    title = "{PEWs: A} Decentralized Dynamic Scheduler for {ILP} Processing",
    booktitle="{Proceedings of the 24th International Conference on
	Parallel Computing}",
    year = "1996",
	pages= "239-246"
}

@inproceedings{ rotenberg99control,
    author = "{Rotenberg E., Smith J.}",
    title = "Control Independence in Trace Processors",
    booktitle="{Proceedings of the 32th International Symposium on
	Microarchitecture}",
    year = "1999"
}

@article{ franklin96arb,
  author= "{Franklin M., Sohi G.S.}",
  title= "{ARB:} A Hardware Mechanism for Dynamic Memory Disambiguation",
  journal= "{IEEE} Transactions on Computers",
  volume= 45,
  number= 5,
  year= "1996",
	month= "May",
  pages= "552--571"
}

@inproceedings{ uht02realizing,
    author = "{Uht A.K., Morano D.A., Khalafi A., 
	de Alba M., Kaeli D.}",
    title = "Realizing High {IPC} Using Time-tagged Resource-Flow
	Computing",
    booktitle="Proceedings of the the {EUROPAR} Conference",
    year = "2002",
	month= "Aug"
}

@article{ yeager96r10000,
    author = "{Yeager K.C.}",
    title = "The {MIPS R10000} Superscalar Microprocessor",
    journal = "{IEEE Micro}",
    year = "1996",
	month= "Apr",
    pages = "28--40",
}

@inproceedings{ verkamo85emperical,
    author = "{Verkamo A.}",
    title = "Emperical results on locality in database referencing",
    booktitle="Proceedings of {ACM SIGMETRICS} Conference on
	Measurement and Modeling of Computer Systems",
    year = "1985",
	month= "Aug"
}

@article{ madison76characteristics,
    author = "{Madison A., Bunt R.}",
    title = "Characteristics of Program Localities",
    journal = "Communications of the {ACM}",
    year = "1976",
	month= "May"
}

@inproceedings{Soh95,
        key="{Soh95}",
        author="{Sohi G, Breach S., Vijaykumar T.}",
        title="Multiscalar processors",
        organization="{ACM}",
        booktitle="Proceedings of the 22th Annual International
           Symposium on Computer Architecture",
        year=1995,
        pages="{414-425}",
        month="{June}"
}

@inproceedings{Gop98,
        key="{Gop98}",
        author="{Gopal S., Vijaykumar T.N., Smith J.E., Sohi G.S.}",
        title="Speculative Versioning Cache",
        organization="{IEEE}",
        booktitle="Proceedings of the 4th International Symposium on 
		High Performance Computer Architecture",
        year=1998,
        month="Feb"
}

@misc{Lud02,
  author = "{Ludloff C.}",
  title = "{IA-32 Implementation, Intel P4}",
        organization="{Sandpile}",
howpublished = "http://www.sandpile.org/impl/p4.htm",
  year = 2002,
	month = "Jan"
}

@article{Smi88,
        author="{Smith J.E., Pleszkun A.R.}",
  title   = {Implementing Precise Interrupts in Pipelined Processors},
  year    = 1988,
  journal = "IEEE Transactions on Computers",
  volume  = 37,
  number  = 5,
        month="Sep",
  pages   = "562-573"
}

@article{Fer87,
  author  = "{Ferrante J., Ottenstein K., Warren J.}",
  title   = {The Progream Dependence Graph and Its Use in Optimization},
  journal = "ACM Transactions on Programming Languages and Systems",
  year    = 1987,
        month= Jul,
  volume  = 9,
  number  = 3,
  pages   = "319-349"
}

@inproceedings{Preston02,
  author  = "{Preston R.P., Badeau R.W., Bailey D.W., Bell S.L.,
	Biro L.L., Bowhill W.J., Dever D.E., Felix S., Gammack R.,
	Germini V., Gowan M.K., Gronowski P., Jackson D.B., Mehta S.,
	Morton S.V., Pickholtz J.D., Reilly N.H., Smith M.J.}",
  title   = "Design of an {8-wide} Superscalar {RISC} Microprocessor
	with Simultaneous Multithreading",
  booktitle = "Proceedings of the
	International Solid State Circuits Conference",
  year    = "2002",
        month= "Jan"
}

@article{uht03levo,
  author=       "{Uht A.K., Morano D., Khalafi A., Alba M. and Kaeli D.}",
    title = "{Levo -- A Scalable Processor With High IPC}",
    journal = "Journal of Instruction Level Parallelism",
    year = "2003",
  volume= 5,
	month= "Aug"
}

@article{krewell01ia,
  author=       "{Krewwll K.}",
    title = "{Intel's McKinley Comes Into View}",
    journal = "Cahners Microprocessor",
    year = "2001",
  volume= 15,
  number= 10,
	month= "Oct",
  pages= "1--5"
}

@article{papworth96ppro,
  author=       "{Papworth D.B.}",
    title = "{Tuning the Pentium Pro Microarchitecture}",
    journal = "Proceedings of {IEEE MICRO-29}",
    year = "1996",
  volume= 16,
  number= 2,
	month= "Apr",
  pages= "8--15"
}

@inproceedings{raasch02chains,
  author=       "{Raasch S.E., Binkert N.L., Reinhardt S.K.}",
    title = "{A Scalable Intruction Queue Using Dependence Chains}",
    booktitle= "Proceedings of {29th} International Symposium
		on Computer Architecture",
	organization="{ACM}",
    year = "2002",
	month= "May"
}

@inproceedings{tjaden73matrices,
  author  = "{Tjaden G.S., Flynn M.J.}",
  title   = "Representation of Concurrency with Ordering Matrices",
  journal = "IEEE Transactions on Computers",
    booktitle = "Proceedings of {COMPCON}",
	volume= "{C-22}",
	number= 8,
	year= 1973,
	month= "Aug",
  pages   = "752--761"
}

@article{ schlansker00epic,
    author = "{Schlansker M.S. and Rau B.R.}",
    title = "{EPIC}: Explicitly Parallel Instruction Computing",
    journal = "Computer",
    volume = "33",
    number = "2",
    pages = "37--45",
    year = "2000",
	month= "Feb",
    url = "citeseer.nj.nec.com/schlansker00epic.html" 
}

@Manual{ intel99ia,
  title = "{iA-64 Application Developer's Architecture Guide}",
        organization="{Intel Corp.}",
	year= 1999
}

@inproceedings{preston02ev,
  author  = "{Preston R.P., Badeau R.W., Bailey D.W., Bell S.L.,
	Biro L.L., Bowhill W.J., Dever D.E., Felix S., Gammack R.,
	Germini V., Gowan M.K., Gronowski P., Jackson D.B., Mehta S.,
	Morton S.V., Pickholtz J.D., Reilly N.H., Smith M.J.}",
  title   = "Design of an {8-wide} Superscalar {RISC} Microprocessor
	with Simultaneous Multithreading",
  booktitle = "Proceedings of the
	International Solid State Circuits Conference",
  year    = "2002",
        month= "Jan"
}

@misc{jain01eveight,
  author = "{Jain I.A.}",
  title = "{Design of an 8-wide Superscalar RISC Microprocessor
	with Simultaneous Multithreading}",
  booktitle = "{ISSCC}",
  year= 2001
}

@article{ hinton01pentium,
    author = "{Hinton G., Sager D., Upton M., Boggs D.
		Carmean D., Kyker A. Roussel P.}",
    title = "The Microarchitecture of the {Pentium-4} Processor",
    journal = "Intel Technical Journal - Q1",
    year = "2001"
}




